@incollection{chapters/owusu,author={Augustina Owusu },title={{Tense and aspect in Akan serial verb constructions}},booktitle={{ACAL 49{: Change your subtitle in localmetadata.tex}}},editor={Galen Sibanda et al},publisher={Language Science Press.},Address={Berlin},year={2021},pages={1--16},doi={??},keywords={withinvolume}}
@incollection{chapters/owusufooter,author={Augustina Owusu },title={{Tense and aspect in Akan serial verb constructions}},booktitle={{ACAL 49{: Change your subtitle in localmetadata.tex}}},editor={Galen Sibanda et al},publisher={Language Science Press.},Address={Berlin},year={2021},pages={1--16},doi={??},options={dataonly=true}}
