@book{langsci-current-book, editor = {Galen Sibanda and Deo Ngonyani and Jonathan Choti and Ann Biersteker}, title = {{Descriptive and theoretical approaches to African linguistics}}, subtitle = {{Selected papers from the 49th Annual Conference on African Linguistics}},year = {2021}, series = {Contemporary African Linguistics}, number = {??}, location = {Berlin}, publisher = {Language Science Press}, options = {dataonly=true} } 
