@ARTICLE{Boskovic:94,
	AUTHOR       = "Bo{\v{s}}kovi{\'c}, {\v{Z}}eijlko",
	TITLE        = "D-Structure, Theta-Criterion, and movement into theta-positions",
	JOURNAL      = "Linguistic Analysis",
	YEAR         = "1994",
	VOLUME       = "24",
	NUMBER       = "",
	PAGES        = "247-286",
	MONTH        = "",
	NOTE         = ""
}



@ARTICLE{osuagwu:15,
author = {Eunice C. Osuagwu},
title = {The cartography of wh-questions in {I}gbo},
journal = {Kiabara: Journal of Humanities},
year = {2015},
volume = {21},
number = {2},
pages = {}
} 

@ARTICLE{Mmaduagwu:12,
	AUTHOR       = "Mmaduagwu, {Georgina~Obiamaka}",
	TITLE        = "Interrogative construction: {A} case for content questions in {I}gbo",
	JOURNAL      = "African Education Indices",
	YEAR         = "2012",
	VOLUME       = "4",
	NUMBER       = "1",
	PAGES        = "24-39",
	MONTH        = "",
	NOTE         = ""
}


@ARTICLE{Wal:16,
	AUTHOR       = "{van der Wal}, Jenneke",
	TITLE        = "Diagnosing focus",
	JOURNAL      = "Studies in Language",
	YEAR         = "2016",
	VOLUME       = "40",
	NUMBER       = "2",
	PAGES        = "259-301",
	MONTH        = "",
	NOTE         = ""
}

@BOOK{Dik:97,
	AUTHOR       = "Dik, {Simon C.}",
	TITLE        = "The  theory  of  functional  grammar  I.  The  Structure  of  the  Clause, Vol.  1",
	PUBLISHER    = "Mouton de Gruyter",
	YEAR         = "1997",
	VOLUME       = "",
	SERIES       = "Functional Grammar Series 20",
	ADDRESS      = "Berlin",
	EDITION      = "",
	MONTH        = "",
	NOTE         = ""
}


@Book{Jackendoff:72,
  author 		= 	 "Jackendoff, Ray",
  title 		= 	 "Semantic Interpretation in Generative Grammar",
  publisher 	= 	 "MIT Press",
  year 			= 	 "1972",
  address 		=	 "Cambridge, MA"
 }


@PHDTHESIS{Kalinowski:15,
	AUTHOR       = "Kalinowski, Cristin",
	TITLE        = "A Typology of Morphosyntactic encoding of focus in {A}frican languages",
	SCHOOL       = "State University of New York",
	YEAR         = "2015",
	ADDRESS      = "Buffalo, NY",
	MONTH        = "",
	NOTE         = ""
}


@PHDTHESIS{Bazalgette:ta,
	AUTHOR       = "Bazalgette, Timothy",
	TITLE        = "Algorithmic acquisition of focus parameters",
	SCHOOL       = "University of Cambridge",
	YEAR         = "2015",
	ADDRESS      = "Cambridge, UK",
	MONTH        = "",
	NOTE         = ""
}

@PHDTHESIS{Rooth:85,
	AUTHOR       = "Rooth, Mats",
	TITLE        = "Association with Focus",
	SCHOOL       = "University of Massachusetts, Amherst",
	YEAR         = "1985",
	ADDRESS      = "Amherst,MA",
	MONTH        = "",
	NOTE         = ""
}


@ARTICLE{Engdahl:83,
	AUTHOR       = "Engdahl, Elisabet",
	TITLE        = "Parasitic gaps",
	JOURNAL      = "Linguistics and Philosophy",
	YEAR         = "1983",
	VOLUME       = "6",
	NUMBER       = "",
	PAGES        = "5-34",
	MONTH        = "",
	NOTE         = ""
}

@ARTICLE{Krifka:08,
	AUTHOR       = "Krifka, Manfred",
	TITLE        = "Basic notions of information structure",
	JOURNAL      = "Acta Linguistica Hungarica",
	YEAR         = "2008",
	VOLUME       = "55",
	NUMBER       = "",
	PAGES        = "243-276",
	MONTH        = "",
	NOTE         = ""
}


@ARTICLE{Rooth:92,
	AUTHOR       = "Rooth, Mats",
	TITLE        = "A theory of focus interpretation",
	JOURNAL      = "Natural Language Semantics",
	YEAR         = "1992",
	VOLUME       = "1",
	NUMBER       = "",
	PAGES        = "75â€“116",
	MONTH        = "",
	NOTE         = ""
}

@ARTICLE{Schwarzschild:99,
	AUTHOR       = "Schwarzschild, Roger",
	TITLE        = "{GIVEN}ness, AvoidF and other constraints on the placement of accent",
	JOURNAL      = "Natural Language Semantics",
	YEAR         = "1999",
	VOLUME       = "7",
	NUMBER       = "",
	PAGES        = "141-177",
	MONTH        = "",
	NOTE         = ""
}



@ARTICLE{MartenVanderWal:14,
	AUTHOR       = "Marten, Lutz and {van der Wal}, Jenneke",
	TITLE        = "A typology of {B}antu subject inversion",
	JOURNAL      = "Linguistic Variation",
	YEAR         = "2014",
	VOLUME       = "14",
	NUMBER       = "2",
	PAGES        = "318-368",
	MONTH        = "",
	NOTE         = ""
}


@article{Boskovic:99,
	author = {Bo{\v{s}}kovi{\'c}, {\v{Z}}eljko},
	title = {On Multiple Wh-Fronting},
	journal = {Linguistic Inquiry},
	volume = {33},
	number = {3},
	pages = {351-383},
	year = {2002}
}


@article{Fominyam&Simik:17,	
	author = {Fominyam, Henry and {{\v{S}}im{\'{i}}k}, Radek},	
	title = {The morphosyntax of exhaustive focus: A view from {A}wing ({G}rassfields {B}antu)},	
	journal = {Natural Language and Linguistic Theory},	
	year = {2017},	
	volume = {35},	
	number = {4},	
	pages = {1027-1077}	
}

@Unpublished{Coon&Preminger&Pedro:11,
	author = 	 {Jessica Coon and Omer Preminger and Pedro Mateo Pedro},
	title = 	 {The Role of Case in A-Bar Extraction Asymmetries --
	Evidence from Mayan},
	note = 	 {Ms., McGill, Harvard, and MIT},
	year = 	 {2011},
}

@article{Coon&Preminger&Pedro:11,	
	author = {Jessica Coon and Omer Preminger and Pedro Mateo Pedro},	
	title = {The Role of Case in A-Bar Extraction Asymmetries: evidence from {M}ayan},	
	journal = {Linguistic Variation},	
	year = {2015},	
	volume = {14},	
	number = {},	
	pages = {179-242}	
}


@ARTICLE{Baker:08:Ibib,
	AUTHOR       = "Baker, {Mark C.}",
	TITLE        = "On the Nature of the Antiagreement Effect: Evidence from \textit{Wh}-in-Situ in {I}bibio",
	JOURNAL      = "Linguistic Inquiry",
	YEAR         = "2008",
	VOLUME       = "39",
	NUMBER       = "",
	PAGES        = "615-632",
	MONTH        = "",
	NOTE         = ""
}

@Unpublished{Amaechi:17,
	author = 	 {Amaechi, Mary},
	title = 	 {Subject-object reversal in {I}gbo},
	note = 	 {Ms., University of Potsdam; to appear in \textit{Proceedings of ConSOLE VVXI}},
	year = 	 {2017},
}

@Unpublished{Amaechi:18,
	author = 	 {Amaechi, Mary},
	title = 	 {Clefts and related constructions in {I}gbo},
	note = 	 {Forthcoming dissertation (expected: spring 2020), University of Potsdam},
	year = 	 {forthcoming},
}

@Unpublished{KorsahMurphy:17,
	author = 	 {Korsah, Sampson and Murphy, Andrew},
	title = 	 {Tonal reflexes of movement in {A}sante {T}wi},
	note = 	 {Ms., University of Leipzig},
	year = 	 {2017},
}

@PHDTHESIS{Aldridge:04,
	AUTHOR       = "Aldridge, Edith",
	TITLE        = "{Ergativity and word order in {A}ustronesian languages}",
	SCHOOL       = "{Cornell University}",
	YEAR         = "2004",
	ADDRESS      = "Ithaca, New York",
	MONTH        = "",
	NOTE         = ""
}

@PHDTHESIS{Stjepanovic:99,
	AUTHOR       = "Stjepanovi{\'c}, Sandra",
	TITLE        = "What do second position cliticization, scrambling, and multiple wh-fronting
	have in common?",
	SCHOOL       = "University of Connecticut",
	YEAR         = "1999",
	ADDRESS      = "Storrs, CT",
	MONTH        = "",
	NOTE         = ""
}



@article {Stiebels:06,
	author = {Stiebels, Barbara},
	title = {Agent Focus in {M}ayan Languages},
	journal = {Natural Language \& Linguistic Theory},
	publisher = {Springer Netherlands},
	pages = {501-570},
	volume = {24},
	issue = {2},
	year = {2006}
}

@Book{Perlmutter:71,
	author = 	 {Perlmutter, David},
	ALTeditor = 	 {},
	title = 	 {Deep and Surface Structure Constraints in Syntax},
	publisher = 	 {Holt, Rinehart and Winston, Inc.},
	year = 	 {1971},
	OPTkey = 	 {},
	OPTvolume = 	 {},
	OPTnumber = 	 {},
	OPTseries = 	 {},
	address = 	 {New York},
	OPTedition = 	 {},
	OPTmonth = 	 {},
	OPTnote = 	 {},
	OPTannote = 	 {}
}

@ARTICLE{Deal:16,
	AUTHOR       = "Deal, A.R.",
	TITLE        = "Syntactic Ergativity: Analysis
	and Identification",
	JOURNAL      = "Annual Review of Linguistics",
	YEAR         = "2016",
	VOLUME       = "2",
	NUMBER       = "",
	PAGES        = "165-185",
	MONTH        = "",
	NOTE         = ""
}


@ARTICLE{Aldridge:12,
	AUTHOR       = "Aldride, Edith",
	TITLE        = "Antipassive and ergativity in {T}agalog",
	JOURNAL      = "Lingua",
	YEAR         = "2012",
	VOLUME       = "122",
	NUMBER       = "",
	PAGES        = "192-203",
	MONTH        = "",
	NOTE         = ""
}

@ARTICLE{Aldridge:08,
	AUTHOR       = "Aldride, Edith",
	TITLE        = "Generative approaches to ergativity",
	JOURNAL      = "Language and Linguistics  Compass",
	YEAR         = "2008",
	VOLUME       = "2",
	NUMBER       = "",
	PAGES        = "966-995",
	MONTH        = "",
	NOTE         = ""
}



@ARTICLE{Boskovic:07:LI,
	AUTHOR       = "Bo{\v{s}}kovi{\'c}, {\v{Z}}eijlko",
	TITLE        = "On the Locality and Motivation of Move and Agree: An Even More Minimal Theory",
	JOURNAL      = "Linguistic Inquiry",
	YEAR         = "2007",
	VOLUME       = "38",
	NUMBER       = "",
	PAGES        = "589-644",
	MONTH        = "",
	NOTE         = ""
}


@ARTICLE{Salzmann:11,
	AUTHOR       = "Salzmann, Martin",
	TITLE        = "Towards a typology of locative inversion -- {B}antu,
	perhaps {C}hinese and {E}nglish -- but beyond",
	JOURNAL      = "Language and Linguistics
	Compass",
	YEAR         = "2011",
	VOLUME       = "5",
	NUMBER       = "4",
	PAGES        = "169-189",
	MONTH        = "",
	NOTE         = ""
}


@BOOK{Stroik:09,
	AUTHOR       = "Stroik, {T.S.}",
	TITLE        = "Locality in Minimalist Syntax",
	PUBLISHER    = "MIT Press",
	YEAR         = "2009",
	VOLUME       = "51",
	SERIES       = "Linguistic Inquiry Monographs",
	ADDRESS      = "Cambridge, MA",
	EDITION      = "",
	MONTH        = "",
	NOTE         = ""
}



@BOOK{Dikken:06,
	AUTHOR       = "{den Dikken}, Marcel",
	TITLE        = "Relators and linkers: The syntax of predication, predicate inversion, and copulas",
	PUBLISHER    = "MIT Press",
	YEAR         = "2006",
	VOLUME       = "",
	SERIES       = "",
	ADDRESS      = "Cambridge, MA",
	EDITION      = "",
	MONTH        = "",
	NOTE         = ""
}

@book{Landau:10,
	author = {Landau, Idan},
	title = {The locative syntax of experiencers},
	publisher = {MIT Press},
	address = {Cambridge, MA.; London},
	pages = {},
	year = {2010}
}

@BOOK{Salzmann:17,
	AUTHOR       = "Salzmann, M.",
	TITLE        = "Reconstruction and Resumption in Indirect \=A-dependencies. On the Syntax of Prolepsis and Relativization in ({S}wiss) {G}erman and beyond",
	PUBLISHER    = "De Gruyter Mouton",
	YEAR         = "2017",
	VOLUME       = "",
	SERIES       = "",
	ADDRESS      = "Berlin/Boston",
	EDITION      = "",
	MONTH        = "",
	NOTE         = ""
}



@INCOLLECTION{Chomsky:04,
	AUTHOR       = "Chomsky, N.",
	TITLE        = "Beyond Explanatory Adequacy",
	BOOKTITLE    = "Structures and Beyond. The Cartography of Syntactic Structures Vol. 3",
	PUBLISHER    = "Oxford University Press",
	YEAR         = "2004",
	EDITOR       = "Belletti, A.",
	CHAPTER      = "",
	PAGES        = "",
	ADDRESS      = "Oxford",
	MONTH        = "",
	NOTE         = ""
}

@INCOLLECTION{Ameka:10,
	AUTHOR       = "Ameka, {Felix K.}",
	TITLE        = "Information Packaging Constructions in {K}wa: Micro-variation and 	Typology",
	BOOKTITLE    = "Topics in Kwa Syntax",
	PUBLISHER    = "Springer",
	YEAR         = "2010",
	EDITOR       = "Aboh, E.~O. and Essegbey, J.",
	CHAPTER      = "",
	PAGES        = "141-176",
	ADDRESS      = "London, New York",
	MONTH        = "",
	NOTE         = ""
}


@ARTICLE{Richards:07,
	AUTHOR       = "Richards, {M.D.}",
	TITLE        = "On feature-inheritance: an argument from the Phase Impenetrability Condition",
	JOURNAL      = "Linguistic Inquiry",
	YEAR         = "2007",
	VOLUME       = "38",
	NUMBER       = "",
	PAGES        = "563-572",
	MONTH        = "",
	NOTE         = ""
}

@ARTICLE{Beck:06,
	AUTHOR       = "Beck, Sigrid",
	TITLE        = "Intervention effects follow from focus interpretation",
	JOURNAL      = "Natural Language Semantics",
	YEAR         = "2006",
	VOLUME       = "14",
	NUMBER       = "",
	PAGES        = "1-56",
	MONTH        = "",
	NOTE         = ""
}

@ARTICLE{Beck:96,
	AUTHOR       = "Beck, Sigrid",
	TITLE        = "Quantified structures as barriers for {LF} movement",
	JOURNAL      = "Natural Language Semantics",
	YEAR         = "1996",
	VOLUME       = "4",
	NUMBER       = "",
	PAGES        = "1-56",
	MONTH        = "",
	NOTE         = ""
}



@ARTICLE{Koopman:83,
	AUTHOR       = "Koopman, Hilda",
	TITLE        = "{ECP} effects in main clauses",
	JOURNAL      = "Linguistic Inquiry",
	YEAR         = "1983",
	VOLUME       = "14",
	NUMBER       = "",
	PAGES        = "346-350",
	MONTH        = "",
	NOTE         = ""
}

@PHDTHESIS{Collins:93,
	AUTHOR       = "Collins, Ch.",
	TITLE        = "Topics in {E}we Syntax",
	SCHOOL       = "MIT",
	YEAR         = "1993",
	ADDRESS      = "Cambridge, MA",
	MONTH        = "",
	NOTE         = ""
}

@BOOK{Chung:98,
	AUTHOR       = "Chung, S.",
	TITLE        = "The Design of Agreement: Evidence from {C}hamorro",
	PUBLISHER    = "University of Chicago Press",
	YEAR         = "1998",
	VOLUME       = "",
	SERIES       = "",
	ADDRESS      = "Chicago",
	EDITION      = "",
	MONTH        = "",
	NOTE         = ""
}

@PHDTHESIS{Richards:97,
	AUTHOR       = "Richards, N.",
	TITLE        = "What Moves Where When in Which Language",
	SCHOOL       = "MIT",
	YEAR         = "1997",
	ADDRESS      = "Cambridge, MA",
	MONTH        = "",
	NOTE         = ""
}


@INCOLLECTION{Phillips:01,
	AUTHOR       = "Phillips, C.",
	TITLE        = "Disagreement between Adults and Children",
	BOOKTITLE    = "Theoretical Issues on the Morphology-Syntax Interface",
	PUBLISHER    = "ASJU",
	YEAR         = "2001",
	EDITOR       = "Mendikoetxea, A. and Uribe-Etxebarria, M.",
	CHAPTER      = "",
	PAGES        = "359-394",
	ADDRESS      = "San Sebastian",
	MONTH        = "",
	NOTE         = ""
}

@ARTICLE{Campos:97,
	AUTHOR       = "Campos, H.",
	TITLE        = "On Subject Extraction and the Antiagreement Effect in {R}omance",
	JOURNAL      = "Linguistic Inquiry",
	YEAR         = "1997",
	VOLUME       = "28",
	NUMBER       = "",
	PAGES        = "92-119",
	MONTH        = "",
	NOTE         = ""
}

@ARTICLE{Lohndal:07,
	AUTHOR       = "Lohndal, T.",
	TITLE        = "That-t in {S}candinavian and elsewhere: Variation in the position of {C}",
	JOURNAL      = "Working Papers in Scandinavbian Syntax",
	YEAR         = "2007",
	VOLUME       = "79",
	NUMBER       = "",
	PAGES        = "47-73",
	MONTH        = "",
	NOTE         = ""
}


@ARTICLE{Haik:90,
	AUTHOR       = "Ha{\"\i}k, I.",
	TITLE        = "Anaphoric, Pronominal and Referential {INFL}",
	JOURNAL      = "Natural Language and Linguistic Theory",
	YEAR         = "1990",
	VOLUME       = "8",
	NUMBER       = "",
	PAGES        = "347-374",
	MONTH        = "",
	NOTE         = ""
}


@INCOLLECTION{Brandi&Cordin:89,
	AUTHOR       = "Brandi, L. and Cordin, P.",
	TITLE        = "Two {I}talian dialects and the Null Subject Parameter",
	BOOKTITLE    = "The Null Subject Parameter",
	PUBLISHER    = "Kluwer Academic Publishers",
	YEAR         = "1989",
	EDITOR       = "Jaeggli, O. and Safir, K.",
	CHAPTER      = "",
	PAGES        = "111-142",
	ADDRESS      = "Dordrecht",
	MONTH        = "",
	NOTE         = ""
}

@InProceedings{HeckMueller:00,
	author = 	 "Heck, F. and M{\"u}ller, G.",
	title = 	 "Successive Cyclicity,
	Long-Distance Superiority, and Local Optimization",
	booktitle = 	 "Proceedings of WCCFL",
	pages = 	 "218-231",
	year = 	 "2000",
	editor = 	 "Roger Billerey and Brook D. Lillehaugen",
	volume = 	 "19",
	address = 	 "Somerville, MA",
	publisher = "Cascadilla Press"
}

@ARTICLE{Agbayani:00,
	AUTHOR       = "Agbayani, Brian",
	TITLE        = "Wh-Subjects in {E}nglish and the Vacuous Movement Hypothesis",
	JOURNAL      = "Linguistic Inquiry",
	YEAR         = "1997",
	VOLUME       = "31",
	NUMBER       = "4",
	PAGES        = "703-713",
	MONTH        = "",
	NOTE         = ""
}

@ARTICLE{Ishii:04,
	AUTHOR       = "Ishii, Toru",
	TITLE        = "The Phase Impenetrability Condition, the Vacuous Movement Hypothesis, and \textit{that-t} effects",
	JOURNAL      = "Lingua",
	YEAR         = "2004",
	VOLUME       = "114",
	NUMBER       = "",
	PAGES        = "183-215",
	MONTH        = "",
	NOTE         = ""
}




@ARTICLE{Grimshaw:97,
	AUTHOR       = "Grimshaw, J.",
	TITLE        = "Projection, Heads, and Optimality",
	JOURNAL      = "Linguistic Inquiry",
	YEAR         = "1997",
	VOLUME       = "28",
	NUMBER       = "",
	PAGES        = "373-422",
	MONTH        = "",
	NOTE         = ""
}

@book{Chomsky:95, 
	author = {Chomsky, N.},
	year =  {1995},
	title = {The Minimalist Program},
	address = {Cambridge, MA},
	publisher = {MIT Press} }

@Book{LasnikSaito:92,
	author = 	 {Lasnik, Howard and Saito, Mamoru},
	title = 	 {Move $\alpha$},
	publisher = 	 {MIT Press},
	year = 	 {1992},
	address = 	 {Cambridge, MA}
   }

@ARTICLE{Culicover:93,
	AUTHOR       = "Culicover, {P.W.}",
	TITLE        = "Evidence against {ECP} accounts of the that-t effect",
	JOURNAL      = "Linguistic Inquiry",
	YEAR         = "1993",
	VOLUME       = "24",
	NUMBER       = "",
	PAGES        = "557-561",
	MONTH        = "",
	NOTE         = ""
}

@INCOLLECTION{Bresnan:77,
	AUTHOR       = "Bresnan, J.",
	TITLE        = "Variables in the theory of transformations",
	BOOKTITLE    = "Formal syntax",
	PUBLISHER    = "Academic Press",
	YEAR         = "1977",
	EDITOR       = "Culicover, P.W. and
Wasow, T. and Akmajian, A.",
	CHAPTER      = "",
	PAGES        = "157-196",
	ADDRESS      = "New York",
	MONTH        = "",
	NOTE         = ""
}

@article{Shlonsky:92,
	author = {Shlonsky, Ur},
	title = {Resumptive Pronouns as a Last Resort},
	journal = {Linguistic Inquiry},
	volume = {23},
	number = {3},
	pages = {443-468},
	year = {1992}
}

@PHDTHESIS{Abels:03,
	AUTHOR       = "Abels, Klaus",
	TITLE        = "Successive Cyclicity, Anti-Locality, and Adposition Stranding",
	SCHOOL       = "University of Connecticut",
	YEAR         = "2003",
	ADDRESS      = "Storrs, Connecticut",
	MONTH        = "",
	NOTE         = ""
}

@PHDTHESIS{Haida:07,
	AUTHOR       = "Haida, Andreas",
	TITLE        = "The indefiniteness and focusing of wh-words",
	SCHOOL       = "Humboldt University Berlin",
	YEAR         = "2007",
	ADDRESS      = "Berlin",
	MONTH        = "",
	NOTE         = ""
}

@PHDTHESIS{Martinovic:15,
	AUTHOR       = "Martinovi{\'c}, M.",
	TITLE        = "Feature geometry and head-splitting: Evidence from the {W}olof clausal periphery",
	SCHOOL       = "University of Chicago",
	YEAR         = "2015",
	ADDRESS      = "Chicago",
	MONTH        = "",
	NOTE         = ""
}





@INCOLLECTION{Boskovic:97,
	AUTHOR       = "Bo{\v{s}}kovi{\'c}, {\v{Z}}eijlko",
	TITLE        = "Fronting wh-phrases in {S}erbo-{C}roatian",
	BOOKTITLE    = "Formal Approaches to Slavic Linguistics: The Indiana Meeting 1996",
	PUBLISHER    = "Michigan Slavic Publications",
	YEAR         = "1997",
	EDITOR       = "Lindseth, M. and Franks, S.",
	CHAPTER      = "",
	PAGES        = "86â€“107",
	ADDRESS      = "Ann Arbor",
	MONTH        = "",
	NOTE         = ""
}


@ARTICLE{Blench:89,
	AUTHOR       = "Blench, Roger",
	TITLE        = "New {B}enue-{C}ongo: A definition and proposed internal classification",
	JOURNAL      = "Afrikanistische Arbeitspapiere",
	YEAR         = "1989",
	VOLUME       = "17",
	NUMBER       = "",
	PAGES        = "115-147",
	MONTH        = "",
	NOTE         = ""
}

@BOOK{Rizzi:90,
	AUTHOR       = "Rizzi, Luigi",
	TITLE        = "Relativized Minimality",
	PUBLISHER    = "MIT Press",
	YEAR         = "1990",
	VOLUME       = "",
	SERIES       = "",
	ADDRESS      = "Cambridge, MA",
	EDITION      = "",
	MONTH        = "",
	NOTE         = "Linguistic Inquiry Monographs 16"
}

@PHDTHESIS{Manfredi:91,
	AUTHOR       = "Manfredi, Victor",
	TITLE        = " Agbo and {E}hugbo: {I}gbo linguistics, consciousness, its origin and limits",
	SCHOOL       = "Havard University",
	YEAR         = "1991",
	ADDRESS      = "Cambridge, MA",
	MONTH        = "",
	NOTE         = ""
}



@ARTICLE{Nwachukwu:87,
	AUTHOR       = "Nwachukwu, {P.A.}",
	TITLE        = "Conjunctions in {I}gbo syntax",
	JOURNAL      = "Nsukka Journal of Linguistics 
	and African Languages",
	YEAR         = "1987",
	VOLUME       = "1",
	NUMBER       = "",
	PAGES        = "63-86",
	MONTH        = "",
	NOTE         = ""
}

@ARTICLE{Ikekeonwu:87,
	AUTHOR       = "Ikekeonwu, {Claro I.}",
	TITLE        = "Igbo interrogatives - a revisitation",
	JOURNAL      = "Nsukka Journal of Linguistics 
	and African Languages",
	YEAR         = "1987",
	VOLUME       = "1",
	NUMBER       = "",
	PAGES        = "20-29",
	MONTH        = "",
	NOTE         = ""
}

@ARTICLE{Maduagwu:12,
	AUTHOR       = "Mmaduagwu, {Georgina O.}",
	TITLE        = "Interrogative construction: A case for content question in {I}gbo",
	JOURNAL      = "African Education Indices",
	YEAR         = "2012",
	VOLUME       = "4",
	NUMBER       = "1",
	PAGES        = "24-39",
	MONTH        = "",
	NOTE         = ""
}


@PHDTHESIS{Ogbulogo:95,
	AUTHOR       = "Ogbulogo, {Charles Vzodimma}",
	TITLE        = "A comparative study of movement rules in {E}nglish and {I}gbo syntax",
	SCHOOL       = "University of Lagos",
	YEAR         = "1995",
	ADDRESS      = "Lagos",
	MONTH        = "",
	NOTE         = ""
}


@ARTICLE{Nwachukwu:95,
	AUTHOR       = "Nwachukwu, {P. Akujuoobi}",
	TITLE        = "Tone in {I}gbo syntax",
	JOURNAL      = "Studies in Igbo Linguistics",
	YEAR         = "1995",
	VOLUME       = "2",
	NUMBER       = "",
	PAGES        = "",
	MONTH        = "",
	NOTE         = ""
}



@ARTICLE{Goldsmith:81,
	AUTHOR       = "Goldsmith, {John A.}",
	TITLE        = "The structure of wh-questions in {I}gbo",
	JOURNAL      = "Linguistic analysis",
	YEAR         = "1981",
	VOLUME       = "7",
	NUMBER       = "",
	PAGES        = "367-393",
	MONTH        = "",
	NOTE         = ""
}

@ARTICLE{Torrence:13,
	AUTHOR       = "Torrence, Harrold",
	TITLE        = "A Promotion Analysis of {W}olof Clefts",
	JOURNAL      = "Syntax",
	YEAR         = "2013",
	VOLUME       = "16",
	NUMBER       = "2",
	PAGES        = "176-215",
	MONTH        = "",
	NOTE         = ""
}


@Book{Emenanjo:78,
	author = 	 "Emenanjo, {E.~Nolue}",
	title = 	 "Elements of modern {I}gbo grammar",
	publisher = 	 "Oxford University Press",
	address = 	 "Ibadan",
	year = 	 "1978"
}



@ARTICLE{Anyanwu:12,
	AUTHOR       = "Anyanwu, Ogbonna",
	TITLE        = "Pronominal subject clitics in {I}gbo",
	JOURNAL      = "Theory and Practice in Language Studies",
	YEAR         = "2012",
	VOLUME       = "2",
	NUMBER       = "2",
	PAGES        = "377-388",
	MONTH        = "",
	NOTE         = ""
}



@Book{Emenanjo:15,
	author = 	 "Emenanjo, {E.Nolue}",
	title = 	 "A grammar of contemporary {I}gbo: Constituents, features and processes",
	publisher = 	 "LAN \& M~\&~J Grand Orbit Communications Ltd",
	address = 	 "Port Harcourt",
	year = 	 "2015"
}

@Book{Mbah:06,
	author = 	 "Mbah, B.M.",
	title = 	 "GB syntax: Theory and application to {I}gbo",
	publisher = 	 "St. Jon-Afam Publications",
	address = 	 "Enugu",
	year = 	 "2006"
}


@Book{Carrel:70,
	author = 	 "Carrel, {Patricia L.}",
	title = 	 "A transformational grammar of {I}gbo. {W}est {A}frican languages Monograph 8",
	publisher = 	 "Cambridge University Press",
	address = 	 "Cambridge",
	year = 	 "1970"
}

@Book{GreenIgwe:63,
	author = 	 "Green, {Margaret Mackeson} and Igwe, {G.~E.}",
	title = 	 "A descriptive grammar of {I}gbo",
	publisher = 	 "Akademic-Verlag",
	address = 	 "Berlin",
	year = 	 "1963"
}



@PHDTHESIS{Nwankwegu:15,
	AUTHOR       = "Nwankwegu, {Jeremiah Anene}",
	TITLE        = "Microparametric syntax of interrogatives in north eastern group of {I}gbo 
	dialects",
	SCHOOL       = "University of Nigeria",
	YEAR         = "2015",
	ADDRESS      = "Nsukka",
	MONTH        = "",
	NOTE         = ""
}


@PHDTHESIS{Ndimele:91,
	AUTHOR       = "Ndimele, Ozo-mekuri",
	TITLE        = "Questions in {GB} syntax: Insight from {E}chie",
	SCHOOL       = "University of Port Harcourt",
	YEAR         = "1991",
	ADDRESS      = "Port Harcourt, Nigeria",
	MONTH        = "",
	NOTE         = ""
}


@ARTICLE{Uwalaka:91,
	AUTHOR       = "Uwalaka, {M.~Angela}",
	TITLE        = "Wh-movement in {I}gbo",
	JOURNAL      = "UCL Working Paper in Linguistics",
	YEAR         = "1991",
	VOLUME       = "3",
	NUMBER       = "",
	PAGES        = "185-209",
	MONTH        = "",
	NOTE         = ""
}

@Book{Uwalaka:88,
	author = 	 "Uwalaka, {M.~Angela}",
	title = 	 "The {I}gbo verb: A semantico-syntactic analysis",
	publisher = 	 "Afro-Pub, Universit{\"a}t Wien",
	address = 	 "Wien",
	note = "Beitr{\"a}ge zur Afrikanstik, Vol. 35", 
	year = 	 "1988"
}

@INCOLLECTION{Pesetsky&Torrego:01,
	AUTHOR       = "Pesetsky, David and Torrego, Esther",
	TITLE        = "T-to-{C} Movement: Causes and Consequences",
	BOOKTITLE    = "Ken Hale: A Life in Language",
	PUBLISHER    = "MIT Press",
	YEAR         = "2001",
	EDITOR       = "Kenstowicz, M.",
	CHAPTER      = "",
	PAGES        = "355-426",
	ADDRESS      = "Cambridge, MA",
	MONTH        = "",
	NOTE         = ""
}

@INCOLLECTION{Eze:95,
	AUTHOR       = "Eze, Ejike",
	TITLE        = "The forgotten null subject of {I}gbo",
	BOOKTITLE    = "Theoretical approaches to African linguistics 1",
	PUBLISHER    = "Africa World Press",
	YEAR         = "1995",
	EDITOR       = "Akinlabi, A.",
	CHAPTER      = "",
	PAGES        = "59-82",
	ADDRESS      = "Trenton, New Jersey",
	MONTH        = "",
	NOTE         = ""
}

@PHDTHESIS{Georgi:14,
	AUTHOR       = "Georgi, Doreen",
	TITLE        = "Opaque Interactions of Merge and Agree. On the Nature and Order of Elementary Operations",
	SCHOOL       = "Leipzig University",
	YEAR         = "2014",
	ADDRESS      = "",
	MONTH        = "March",
	NOTE         = ""
}

@ARTICLE{Georgi:17,
	AUTHOR       = "Georgi, Doreen",
	TITLE        = "Patterns of movement reflexes as the result of the order of Merge and Agree",
	JOURNAL      = "Linguistic Inquiry",
	YEAR         = "2017",
	VOLUME       = "48",
	NUMBER       = "4",
	PAGES        = "",
	MONTH        = "",
	NOTE         = ""
}

@ARTICLE{Assmannetal:15:ergatives,
	AUTHOR       = "Assmann, Anke and Georgi, Doreen and Heck, Fabian and M{\"{u}}ller, Gereon and Weisser, Philipp",
	TITLE        = "Ergatives Move Too Early: On an Instance of Opacity in Syntax",
	JOURNAL      = "Syntax",
	YEAR         = "2015",
	VOLUME       = "18",
	NUMBER       = "4",
	PAGES        = "343-387",
	MONTH        = "",
	NOTE         = ""
}

@INCOLLECTION{SaitoMurasugi:99,
	AUTHOR       = "Saito, Mamoru  and Murasugi, Keiko",
	TITLE        = "Subject predication within {IP} and {DP}",
	BOOKTITLE    = "Beyond principles and parameters: Essays in memory of Osvaldo Jaeggli",
	PUBLISHER    = "luwer Academic Publisher",
	YEAR         = "1999",
	EDITOR       = "Johnson, K. and Roberts, I.",
	CHAPTER      = "",
	PAGES        = "167-188",
	ADDRESS      = "Dordrecht",
	MONTH        = "",
	NOTE         = ""
}

@Book{Grohmann:03,
	author = 	 {Grohmann, Kleanthes},
	ALTeditor = 	 {},
	title = 	 {Prolific Domains: On the Anti-Locality of Movement Dependencies},
	publisher = 	 {John Benjamins},
	year = 	 {2003},
	OPTkey = 	 {},
	OPTvolume = 	 {},
	OPTnumber = 	 {},
	OPTseries = 	 {},
	address = 	 {Amsterdam, Philadelphia},
	OPTedition = 	 {},
	OPTmonth = 	 {},
	OPTnote = 	 {},
	OPTannote = 	 {}
}


@INCOLLECTION{Cheng:06,
	AUTHOR       = "Cheng, {Lisa~Lai-Shen}",
	TITLE        = "Decomposing {B}antu Relatives",
	BOOKTITLE    = "Proceedings of NELS 36",
	PUBLISHER    = "GLSA",
	YEAR         = "2006",
	EDITOR       = "Davis, C. and Deal, A.~R. and Zabbal, Y.",
	CHAPTER      = "",
	PAGES        = "197-215",
	ADDRESS      = "Amherst, MA",
	MONTH        = "",
	NOTE         = ""
}

@ARTICLE{SchneiderZioga:07,
	AUTHOR       = "Schneider-Zioga, Patricia",
	TITLE        = "Anti-agreement, anti-locality and minimality. The syntax of dislocated subjects",
	JOURNAL      = "Natural Language and Linguistic Theory",
	YEAR         = "2007",
	VOLUME       = "25",
	NUMBER       = "",
	PAGES        = "403-446",
	MONTH        = "",
	NOTE         = ""
}

@ARTICLE{Ouhalla:93,
	AUTHOR       = "Ouhalla, Jamal",
	TITLE        = "Subject-Extraction, Negation and the Antiagreement Effect",
	JOURNAL      = "Natural Language and Linguistic Theory",
	YEAR         = "1993",
	VOLUME       = "11",
	NUMBER       = "",
	PAGES        = "477-518",
	MONTH        = "",
	NOTE         = ""
}

@ARTICLE{Henderson:13,
	AUTHOR       = "Henderson, Brent",
	TITLE        = "Agreement and person in anti-agreement",
	JOURNAL      = "Natural Language and Linguistic Theory",
	YEAR         = "2013",
	VOLUME       = "31",
	NUMBER       = "",
	PAGES        = "453-481",
	MONTH        = "",
	NOTE         = ""
}


@Unpublished{Baier:16,
	author = {Baier, Nico},
	title = {A Survey of Anti-Agreement Effects},
	note = {Ms., University of California, Berkeley; available at http://linguistics.berkeley.edu/~nbbaier/documents/baier\_prospectus.pdf},
	year = {2016}
}


@Unpublished{Baier:17:whagr,
	author = "Baier, Nico",
	title = "Unifying Anti-Agreement and Wh-Agreement",
	note = "Ms., University of California, Berkeley",
	year = "2016"
}

@Article{Bobaljik:02,
	author = 	 {Bobaljik, Jonathan},
	title = 	 {A-Chains at the {PF} Interface},
	journal = 	 {Natural Language and Linguistic Theory},
	year = 	 {2002},
	OPTkey = 	 {},
	volume = 	 {20},
	OPTnumber = 	 {},
	pages = 	 {197-267},
	OPTmonth = 	 {},
	OPTnote = 	 {},
	OPTannote = 	 {}
}


@BOOK{Boeckx:08,
	AUTHOR       = "Boeckx, Cedric",
	TITLE        = "Understanding Minimalist Syntax: Lessons from Locality in Long-Distance Dependencies",
	PUBLISHER    = "Blackwell Publishing",
	YEAR         = "2008",
	VOLUME       = "9",
	SERIES       = "Generative Syntax",
	ADDRESS      = "London",
	EDITION      = "",
	MONTH        = "",
	NOTE         = ""
}

@BOOK{Abels:12,
	AUTHOR       = "Abels, Klaus",
	TITLE        = "Phases: An essay on cyclicity in syntax",
	PUBLISHER    = "de Gruyter",
	YEAR         = "2012",
	VOLUME       = "",
	SERIES       = "Linguistische Arbeiten 543",
	ADDRESS      = "Berlin",
	EDITION      = "",
	MONTH        = "",
	NOTE         = ""
}


@PHDTHESIS{Urk:15,
	AUTHOR       = "{van Urk}, Coppe",
	TITLE        = "A uniform syntax for phrasal movement: a case study of {D}inka {B}or",
	SCHOOL       = "MIT",
	YEAR         = "2015",
	ADDRESS      = "Cambridge, MA",
	MONTH        = "",
	NOTE         = ""
}


@PHDTHESIS{Rackowski:02,
	AUTHOR       = "Rackowski, Andrea",
	TITLE        = "The structure of {T}agalog: Specificity, voice, and the distribution of arguments",
	SCHOOL       = "MIT",
	YEAR         = "2005",
	ADDRESS      = "Cambridge, MA",
	MONTH        = "",
	NOTE         = ""
}

@ARTICLE{RackowskiRichards:05,
	AUTHOR       = "Rackowski, Andrea and Richards, Norvin",
	TITLE        = "Phase Edge and Extraction: A {T}agalog Case Study",
	JOURNAL      = "Linguistic Inquiry",
	YEAR         = "2005",
	VOLUME       = "36",
	NUMBER       = "",
	PAGES        = "565-599",
	MONTH        = "",
	NOTE         = ""
}

@Book{Pesetsky:00,
	author = 	 {Pesetsky, David},
	ALTeditor = 	 {},
	title = 	 {Phrasal Movement and Its Kin},
	publisher = 	 {MIT Press},
	year = 	 {2000},
	OPTkey = 	 {},
	OPTvolume = 	 {},
	OPTnumber = 	 {},
	OPTseries = 	 {},
	address = 	 {Cambridge, MA},
	OPTedition = 	 {},
	OPTmonth = 	 {},
	OPTnote = 	 {},
	OPTannote = 	 {}
}



@article{AmaechiGeorgi:17,
	author = {Amaechi, Mary and Georgi, Doreen},
	title = {Quirks of subject (non-)extraction in {I}gbo},
	journal = {Glossa: a journal of general linguistics},
	volume = {4.1},
	number = {69},
	pages = {1-36},
	note = {},
	year = {2019}	
}

@Unpublished{Erlewine:17:Toba,
	author = "Erlewine, {Michael Yoshitaka}",
	title = "Extraction and licensing in {T}oba {B}atak",
	note = "to appear in \textit{Language}",
	year = "2017"
}


@INCOLLECTION{Polinsky:ta,
	AUTHOR       = "Polinsky, Maria",
	TITLE        = "Syntactic ergativity",
	BOOKTITLE    = "Blackwell Companion to Syntax, 2nd edition",
	PUBLISHER    = "Wiley-Blackwell",
	YEAR         = "2017",
	EDITOR       = "Everaert, M. and {van Riemsdijk}, Henk",
	CHAPTER      = "",
	PAGES        = "",
	ADDRESS      = "",
	MONTH        = "",
	NOTE         = ""
}



@INCOLLECTION{Yuksek:ta,
	AUTHOR       = "{Gra\v{c}anin-Yuksek}, Martina",
	TITLE        = "Conjoined wh-questions",
	BOOKTITLE    = "Blackwell Companion to Syntax, 2nd edition",
	PUBLISHER    = "Wiley-Blackwell",
	YEAR         = "2017",
	EDITOR       = "Everaert, M. and {van Riemsdijk}, Henk",
	CHAPTER      = "",
	PAGES        = "",
	ADDRESS      = "",
	MONTH        = "",
	NOTE         = ""
}


@INPROCEEDINGS{Takahashi&GracaninYuksek:05,
	AUTHOR       = "Takahashi, Shoichi and {Gra\v{c}anin-Yuksek}, Martina",
	TITLE        = "Morphosyntax of Movement Dependencies in Haitian Creole",
	BOOKTITLE    = "Proceedings of the North Eastern Linguistic Society 35",
	YEAR         = "2005",
	EDITOR       = "Bateman, Leah and Ussery, Cherlon",
	PAGES        = "615-629",
	ORGANIZATION = "",
	PUBLISHER    = "GLSA Publications",
	ADDRESS      = "Amherst, MA",
	MONTH        = "",
	NOTE         = ""
}

@article{CitkoYuksek:13,
	author = {Citko, Barbara and {Gra\v{c}anin-Yuksek}, Martina},
	title = {Towards a new typology of coordinated wh-questions},
	journal = {Journal of Linguistics},
	volume = {49},
	number = {1},
	pages = {1-32},
	year = {2013}	
}

@BOOK{Citko:14,
	AUTHOR       = "Citko, Barbara",
	TITLE        = "Phase Theory. An introduction",
	PUBLISHER    = "Cambridge University Press",
	YEAR         = "2014",
	VOLUME       = "",
	SERIES       = "",
	ADDRESS      = "Cambridge, UK",
	EDITION      = "",
	MONTH        = "",
	NOTE         = ""
}

@Book{Cinque:90,
	author = 	 {Cinque, Guglielmo},
	ALTeditor = 	 {},
	title = 	 {Types of {A}-bar Dependencies},
	publisher = 	 {MIT Press},
	year = 	 {1990},
	OPTkey = 	 {},
	OPTvolume = 	 {},
	OPTnumber = 	 {},
	OPTseries = 	 {},
	address = 	 {Cambridge, MA},
	OPTedition = 	 {},
	OPTmonth = 	 {},
	OPTnote = 	 {},
	OPTannote = 	 {}
}

@article{Baier:17:LI,
	author = {Baier, Nico},
	title = {Antilocality and Antiagreement},
	journal = {Linguistic Inquiry},
	volume = {48},
	number = {2},
	pages = {367-377},
	year = {2017}	
}

@article{Boskovic:16,
	author = {Bo{\v{s}}kovi{\'c}, {\v{Z}}eijlko},
	title = {On the timing of labeling: Deducing Comp-trace effects, the Subject
	Condition, the Adjunct Condition, and tucking in from labeling},
	journal = {The Linguistic Review},
	volume = {33},
	number = {1},
	pages = {17-66},
	year = {2016}	
}

@article{Kotek:17:TLR,
	author = {Kotek, Hadas},
	title = {Dissociating intervention effects from superiority in {E}nglish wh-questions},
	journal = {The Linguistic Review},
	volume = {34},
	number = {2},
	pages = {397-417},
	year = {2017}	
}



@INCOLLECTION{Pesetsky:15,
	AUTHOR       = "Pesetsky, David",
	TITLE        = "Complementizer-trace effects",
	BOOKTITLE    = "Blackwell Companion to Syntax, 2nd edition",
	PUBLISHER    = "Wiley-Blackwell",
	YEAR         = "2017",
	EDITOR       = "Everaert, M. and {van Riemsdijk}, Henk",
	CHAPTER      = "",
	PAGES        = "",
	ADDRESS      = "",
	MONTH        = "",
	NOTE         = ""
}

@ARTICLE{Pesetsky:82,
	AUTHOR       = "Pesetsky, David",
	TITLE        = "Complementizer-trace phenomena and the Nominative Island Condition",
	JOURNAL      = "The Linguistic Review",
	YEAR         = "1982",
	VOLUME       = "1",
	NUMBER       = "",
	PAGES        = "297-343",
	MONTH        = "",
	NOTE         = ""
}

@InCollection{Rizzi:97,
	author = 	 {Rizzi, L.},
	title = 	 {The Fine Structure of the Left Periphery},
	booktitle = 	 {Elements of Grammar},
	OPTcrossref =  {},
	OPTkey = 	 {},
	OPTpages = 	 {},
	publisher = {Kluwer},
	year = 	 {1997},
	editor = 	 {Haegeman, L.},
	OPTvolume = 	 {},
	OPTnumber = 	 {},
	OPTseries = 	 {},
	OPTtype = 	 {},
	OPTchapter = 	 {},
	address = 	 {Dordrecht},
	OPTedition = 	 {},
	OPTmonth = 	 {},
	OPTnote = 	 {},
	OPTannote = 	 {}
}

@Unpublished{Pesetsky:16,
	author = {Pesetsky, David},
	title = {Exfoliation: towards a derivational theory of clause size},
	note = {Handout of a talk given at the Shrinking Trees Workshop, October 2016, Leipzig University},
	year = {2016}
}

@INCOLLECTION{Erlewine:17:TTE,
	AUTHOR       = "Erlewine, {Michael Yoshitaka}",
	TITLE        = "Why the null complementizer is special in complementizer-trace effects",
	BOOKTITLE    = "A Pesky Set: Papers for David Pesetsky.",
	PUBLISHER    = "MIT Working Papers in Linguistics",
	YEAR         = "2017",
	EDITOR       = "Halpert, c. and Kotek, H. and {van Urk}, C.",
	CHAPTER      = "",
	PAGES        = "371-380",
	ADDRESS      = "Cambridge, MA",
	MONTH        = "",
	NOTE         = ""
}


@INCOLLECTION{Rizzi&Shlonsky:04,
	AUTHOR       = "Rizzi, Luigi and Shlonsky, Ur",
	TITLE        = "Strategies for subject extraction",
	BOOKTITLE    = "Interfaces + recursion = language? Chomsky's minimalism and the view from syntax-semantics",
	PUBLISHER    = "Mouton de Gruyter",
	YEAR         = "2004",
	EDITOR       = "Sauerland, U. and G{\"a}rtner, H.-M.",
	CHAPTER      = "",
	PAGES        = "115-160",
	ADDRESS      = "Berlin",
	MONTH        = "",
	NOTE         = ""
}

@ARTICLE{Tuller:85,
	AUTHOR       = "Tuller, {Laurice Anne}",
	TITLE        = "Tense Features and Operators in {H}ausa",
	JOURNAL      = "Rapport de recherches du groupe de linguistique africaniste, ann{\'e}e {1985-1986},",
	YEAR         = "1985",
	VOLUME       = "",
	NUMBER       = "",
	PAGES        = "493-516",
	MONTH        = "",
	NOTE         = ""
}



@PHDTHESIS{Green:97,
	AUTHOR       = "Green, Melanie",
	TITLE        = "Focus and Copular Constructions in {H}ausa",
	SCHOOL       = "SOAS",
	YEAR         = "1997",
	ADDRESS      = "London",
	MONTH        = "",
	NOTE         = ""
}

@INCOLLECTION{McCloskey:90,
	AUTHOR       = "McCloskey, James",
	TITLE        = "Resumptive pronouns, {\=A}-binding and levels of representation in {I}rish",
	BOOKTITLE    = "Syntax of the Modern Celtic Languages",
	PUBLISHER    = "Academic Press",
	YEAR         = "1990",
	EDITOR       = "Hendrick, Randall",
	CHAPTER      = "",
	PAGES        = "199-248",
	ADDRESS      = "New York and San Diego",
	MONTH        = "",
	NOTE         = "Vol. 23 of \textit{Syntax and Semantics}"
}  

@ARTICLE{ChungMcCloskey:83,
	AUTHOR       = "Chung, Sandra and McCloskey, James",
	TITLE        = "On the Interpretation of Certain Island Facts in {GPSG}",
	JOURNAL      = "Linguistic Inquiry",
	YEAR         = "1983",
	VOLUME       = "14",
	NUMBER       = "4",
	PAGES        = "704-713",
	MONTH        = "",
	NOTE         = ""
}


@ARTICLE{Erlewine:16,
	AUTHOR       = "Erlewine, {M.-Y.}",
	TITLE        = "Anti-locality and optimality in {K}aqchikel Agent Focus",
	JOURNAL      = "Natural Language and Linguistic Theory",
	YEAR         = "2016",
	VOLUME       = "34",
	NUMBER       = "",
	PAGES        = "429-479",
	MONTH        = "",
	NOTE         = ""
}



@UNPUBLISHED{BrillmanHirsch:15,
	AUTHOR       = "Brillman, Ruth and Hirsch,  Aron",
	TITLE        = "An anti-locality account of {E}nglish subject/non-subject 	asymmetries",
	NOTE         = "Handout, LSA Annual Meeting, Portland",
	MONTH        = "",
	YEAR         = "2015",
}


@ARTICLE{Douglas:17,
	AUTHOR       = "Douglas, Jamie",
	TITLE        = "Unifying the \textit{that}-trace and anti-\textit{that}-trace effects",
	JOURNAL      = "Glossa: a journal of general linguistics",
	YEAR         = "2017",
	VOLUME       = "2",
	NUMBER       = "1",
	PAGES        = "1-28",
	MONTH        = "",
	NOTE         = "DOI: http://doi.org/10.5334/gjgl.312"
}

@PHDTHESIS{Ross:67,
	AUTHOR       = "Ross, {J.~R.}",
	TITLE        = "Constraints on Variables in Syntax",
	SCHOOL       = "MIT",
	YEAR         = "1967",
	ADDRESS      = "Cambridge, MA",
	MONTH        = "",
	NOTE         = ""
}

@InCollection{Chomsky:73,
	author = 	 {Chomsky, N.},
	title = 	 {Conditions on Transformations},
	booktitle = 	 {A Festschrift  for Morris Halle},
	pages = 	 {232-286},
	publisher = {Academic Press},
	year = 	 {1973},
	editor = 	 {Anderson, Stephen and Kiparsky, Paul},
	address = 	 {New York},
}

%Taraldsen, K. T. (1980) "On the Nominative Island Constraint, Vacuous Application %and the That-Trace Filter," paper distributed by the Indiana University Linguistics Club, %Bloomington, Indiana.


@UNPUBLISHED{Smolensky:95,
AUTHOR       = "Smolensky, P.",
TITLE        = "On the internal structure of the constraint component {C}on of {UG}",
NOTE         = "Handout of a talk, 3/95",
MONTH        = "",
YEAR         = "1995",
}


@UNPUBLISHED{Fusheini:04,
	AUTHOR       = "Fusheini, A.-R.",
	TITLE        = "Spectrographic analysis of {D}agbani vowels",
	NOTE         = "Ms., University of Education, Winneba",
	MONTH        = "",
	YEAR         = "2004",
}

@Book{Bendor-Samuel:89,
	author = 	 "Bendor-Samuel, {J.~T.}",
	title = 	 "The {N}iger-{C}ongo Languages",
	publisher = 	 "University Press of America",
	address = 	 "Lanham, MD",
	year = 	 "1989"
}

@Book{Ginzburg&Sag:00,
	author = 	 "Ginzburg, Jonathan and Sag, {Ivan A.}",
	title = 	 "Interrogative investigations. The form, meaning and use of {E}nglish interrogatives",
	publisher = 	 "CSLI publications",
	address = 	 "Stanford",
	year = 	 "2000"
}

@Book{Falk:06,
	author = 	 "Falk, {Yehuda, N.}",
	title = 	 "Subjects and Universal Grammar. An explanatory theory",
	publisher = 	 "Cambridge University Press",
	address = 	 "Cambridge, UK",
	year = 	 "2006"
}

@ARTICLE{AbelsMuriungi:08,
	AUTHOR       = "Abels, K. and Muriungi, P.",
	TITLE        = "The focus marker in {K}{\^\i}{\^\i}tharaka: Syntax and semantics",
	JOURNAL      = "Lingua",
	YEAR         = "2008",
	VOLUME       = "118",
	NUMBER       = "",
	PAGES        = "687-731",
	MONTH        = "",
	NOTE         = ""
}

@ARTICLE{Ansah:14,
	AUTHOR       = "{Akrofi Ansah}, Mercy",
	TITLE        = "Information Packaging -- Focus Marking and Focus Constructions in {L}eteh ({L}arteh)",
	JOURNAL      = "Nordic Journal of African Studies",
	YEAR         = "2014",
	VOLUME       = "23",
	NUMBER       = "3",
	PAGES        = "162-179",
	MONTH        = "",
	NOTE         = ""
}


@ARTICLE{Fusheini:12,
	AUTHOR       = "Hudu, F.",
	TITLE        = "Focus particles in {D}agbani, a descriptive analysis",
	JOURNAL      = "Journal of West African Languages",
	YEAR         = "2012",
	VOLUME       = "39",
	NUMBER       = "1",
	PAGES        = "97-129",
	MONTH        = "",
	NOTE         = ""
}


@ARTICLE{Issah:13,
	AUTHOR       = "Issah, {Samuel Alhassan}",
	TITLE        = "Focus and constituent question formation in {D}agbani",
	JOURNAL      = "Ghana Journal of Linguistics",
	YEAR         = "2013",
	VOLUME       = "2",
	NUMBER       = "1",
	PAGES        = "39-62",
	MONTH        = "",
	NOTE         = ""
}


@ARTICLE{Issah:12,
	AUTHOR       = "Issah, {Samuel Alhassan}",
	TITLE        = "Phrasal identification and contrastive focus in {D}agbani",
	JOURNAL      = "Journal of West African Languages",
	YEAR         = "2012",
	VOLUME       = "76",
	NUMBER       = "1",
	PAGES        = "75-96",
	MONTH        = "",
	NOTE         = ""
}




@MASTERSTHESIS{Issah:14,
	AUTHOR       = "Issah, {Samuel Alhassan}",
	TITLE        = "Information packaging in {D}agbani",
	SCHOOL       = "University of Troms{\o}",
	YEAR         = "2014",
	ADDRESS      = "Troms{\o}",
	MONTH        = "",
	NOTE         = ""
}

@PHDTHESIS{Schwarz:04,
	AUTHOR       = "Schwarz, Anne",
	TITLE        = "Aspekte der Morphosyntax und Tonologie im {B}uli. Mit Schwerpunkt auf dem {B}uli von
	{W}iaga",
	SCHOOL       = "Humboldt-Universit{\"a}t zu Berlin",
	YEAR         = "2004",
	ADDRESS      = "Berlin",
	MONTH        = "",
	NOTE         = ""
}

@PHDTHESIS{George:80,
	AUTHOR       = "George, {Leland M.}",
	TITLE        = "Analogical generalization in natural language syntax",
	SCHOOL       = "MIT",
	YEAR         = "1980",
	ADDRESS      = "Cambridge, MA",
	MONTH        = "",
	NOTE         = ""
}


@Book{Olawsky:99,
	author = 	 "Olawsky, K.J.",
	title = 	 "Aspects of {D}agbani Grammar, with special emphasis on Phonology and Morphology",
	publisher = 	 "Lincom",
	address = 	 "Munich",
	year = 	 "1999"
}



@Book{Abohetal:08,
	author = 	 "Aboh, Enoch and Hartmann, Katharina and Zimmermann, Malte",
	title = 	 "Focus Strategies in {A}frican Languages. The Interaction of Focus and Grammar in {N}iger-{C}ongo and {A}fro-{A}siatic",
	publisher = 	 "De Gruyter Mouton",
	address = 	 "Berlin, Boston",
	year = 	 "2008"
}


@ARTICLE{HartmannZimmermann:12,
	AUTHOR       = "Hartmann, Katharina and Zimmermann, Malte",
	TITLE        = "Focus Marking in {B}ura: Semantic Uniformity matches syntactic heterogeneity",
	JOURNAL      = "Natural Language and Linguistic Theory",
	YEAR         = "2012",
	VOLUME       = "20",
	NUMBER       = "4",
	PAGES        = "1061-1108",
	MONTH        = "",
	NOTE         = ""
}


@ARTICLE{ZimmermannOnea:11:focus,
	AUTHOR       = "Zimmermann, Malte and Onea, Edgar",
	TITLE        = "Focus marking and focus interpretation",
	JOURNAL      = "Lingua",
	YEAR         = "2011",
	VOLUME       = "121",
	NUMBER       = "",
	PAGES        = "1651-1670",
	MONTH        = "",
	NOTE         = ""
}

@Book{Aboh:04,
	author = 	 "Aboh, E.",
	title = 	 "The morphosyntax of complement-head sequences: Clause structure and word
	order patterns in {K}wa",
	publisher = 	 "Oxford University Press",
	address = 	 "Oxford",
	year = 	 "2004"
}

@INCOLLECTION{Aboh:07,
	AUTHOR       = "Aboh, E.",
	TITLE        = "Focused versus non-focused wh-phrases",
	BOOKTITLE    = "Focus strategies in {A}frican languages: On the interaction of focus and grammar in {N}iger-{C}ongo and {A}fro-{A}siatic",
	PUBLISHER    = "de Gruyter",
	YEAR         = "2007",
	EDITOR       = "Aboh, E. and Hartmann, K. and Zimmerman, M.",
	CHAPTER      = "",
	PAGES        = "287-315",
	ADDRESS      = "Berlin",
	MONTH        = "",
	NOTE         = ""
}


@INCOLLECTION{HartmannZimmermann:07:Hausa,
	AUTHOR       = "Hartmann, Katharina and Zimmermann, Malte",
	TITLE        = "Exhaustivity Marking in {H}ausa: A Re-Evaluation of the Particle \textit{nee}/\textit{cee}",
	BOOKTITLE    = "Focus strategies in African languages: On the interaction of focus and grammar in Niger-Congo and Afro-Asiatic",
	PUBLISHER    = "Mouton de Gruyter",
	YEAR         = "2007",
	EDITOR       = "Aboh, E. and Hartmann, K. and Zimmerman, M.",
	CHAPTER      = "",
	PAGES        = "241-263",
	ADDRESS      = "Berlin",
	MONTH        = "",
	NOTE         = ""
}


@INCOLLECTION{Weisser:17,
	AUTHOR       = "Weisser, Philipp",
	TITLE        = "Why there is no such thing as Closest Conjunct Case",
	BOOKTITLE    = "Proceedings of NELS 47",
	PUBLISHER    = "GLSA",
	YEAR         = "2017",
	EDITOR       = "Lamont, A. and Tetzloff,  K.",
	CHAPTER      = "",
	PAGES        = "",
	ADDRESS      = "Amherst, MA",
	MONTH        = "",
	NOTE         = ""
}


@INCOLLECTION{Kotek:17,
	AUTHOR       = "Kotek, Hadas",
	TITLE        = "Intervention effects arise from scope-taking across alternatives",
	BOOKTITLE    = "Proceedings of NELS 47",
	PUBLISHER    = "GLSA",
	YEAR         = "2017",
	EDITOR       = "Lamont, A. and Tetzloff,  K.",
	CHAPTER      = "",
	PAGES        = "153-166",
	ADDRESS      = "Amherst, MA",
	MONTH        = "",
	NOTE         = ""
}

@INCOLLECTION{SauerlandMitrovic:14,
	AUTHOR       = " Mitrovi{\'c}, Moreno and Sauerland, Uli",
	TITLE        = "Decomposing coordination",
	BOOKTITLE    = "Proceedings of NELS 44",
	PUBLISHER    = "GLSA",
	YEAR         = "2014",
	EDITOR       = "Iyer, J. and Kusmer, L.",
	CHAPTER      = "",
	PAGES        = "219-232",
	ADDRESS      = "Amherst, MA",
	MONTH        = "",
	NOTE         = ""
}

@UNPUBLISHED{Sulemana:14,
	AUTHOR       = "Sulemana, Abdul-Razak",
	TITLE        = "Q-particles and the nature of Covert movement: evidence from {B}{\`u}l{\`\i}",
	NOTE         = "Ms., MIT",
	MONTH        = "",
	YEAR         = "2014"
}

@UNPUBLISHED{Branigan:05,
	AUTHOR       = "Branigan, Phil",
	TITLE        = "The {T}race-{F}in effect",
	NOTE         = "Ms., Memorial University",
	MONTH        = "",
	YEAR         = "2005"
}

@incollection{BayerSalzmann:13,
	author = {Bayer, Josef and Salzmann, Martin},
	title = {\textit{That}-trace effects and resumption -- How Improper Movement can be repaired},
	booktitle = {Repairs. The added value of being wrong},
	editor = {Brandt, P. and Fuss, E.},
	publisher = {Mouton},
	address = {Berlin},
	pages = {275-334},
	year = {2013}
}

@ARTICLE{Kiss:98,
	AUTHOR       = "Kiss, {Katalin {\'E.}}",
	TITLE        = "Identificational focus versus information focus",
	JOURNAL      = "Language",
	YEAR         = "1998",
	VOLUME       = "74",
	NUMBER       = "",
	PAGES        = "245-273",
	MONTH        = "",
	NOTE         = ""
}

@INCOLLECTION{Sabel:00,
	AUTHOR       = "Sabel, Joachim",
	TITLE        = "Partial Wh-Movement and The Typology of Wh-Questions",
	BOOKTITLE    = "Wh-Scope Marking",
	PUBLISHER    = "John Benjamins",
	YEAR         = "2000",
	EDITOR       = "Lutz, U. and M{\"u}ller, G. and {von Stechow}, A.",
	CHAPTER      = "",
	PAGES        = "409-446",
	ADDRESS      = "Amsterdam",
	MONTH        = "",
	NOTE         = ""
}

@Book{Rochemont:86,
	Title = {Focus in Generative Grammar},
	Author = {Rochemont, Michael},
	Publisher = {John Benjamins},
	Year = {1986},
	Address = {Amsterdam}
}


@ARTICLE{CulicoverRochemont:83,
	AUTHOR       = "Culicover, Peter and Rochemont, Michael",
	TITLE        = "Stress and Focus in {E}nglish",
	JOURNAL      = "Language",
	YEAR         = "1983",
	VOLUME       = "59",
	NUMBER       = "",
	PAGES        = "123-165",
	MONTH        = "",
	NOTE         = ""
}

@Book{Horvath:86,
	Title = {FOCUS in the Theory of Grammar and the Syntax of {H}ungarian},
	Author = {Horvath, Julia},
	Publisher = {Foris},
	Year = {1986},
	Address = {Dordrecht}
}


@INCOLLECTION{Kiparsky:95,
	AUTHOR       = "Kiparsky, Paul",
	TITLE        = "Indoeuropean Origins of Germanic Syntax",
	BOOKTITLE    = "Clause Structure and Language Change",
	PUBLISHER    = "Oxford
	University Press",
	YEAR         = "1995",
	EDITOR       = "Battye, A. and Roberts, I.",
	CHAPTER      = "",
	PAGES        = "140-169",
	ADDRESS      = "Oxford",
	MONTH        = "",
	NOTE         = ""
}


@PHDTHESIS{Tuller:86,
	AUTHOR       = "Tuller, {Laurice Anne}",
	TITLE        = "Bijective Relations in Universal Grammar and the Syntax of {H}ausa",
	SCHOOL       = "UCLA",
	YEAR         = "1986",
	ADDRESS      = "Los Angeles, CA",
	MONTH        = "",
	NOTE         = ""
}


@ARTICLE{Clementsetal:83,
	AUTHOR       = "Clements, George and McCloskey, James and Maling, Joan and Zaenen, Annie",
	TITLE        = "String-Vacuous Rule Application",
	JOURNAL      = "Linguistic Inquiry",
	YEAR         = "1983",
	VOLUME       = "14",
	NUMBER       = "",
	PAGES        = "1-17",
	MONTH        = "",
	NOTE         = ""
}

@PhdThesis{Zoerner:95,
	Title                    = {{Coordination: The Syntax of \&P}},
	Author                   = {Zoerner, Ed},
	School                   = {University of California},
	Year                     = {1995}
}

@PhdThesis{vanderWal:09,
	Title                    = {Word order and information structure in {M}akhuwa-{E}nahara},
	Author                   = {{van der Wal}, Jenneke},
	School                   = {Utrecht},
	Year                     = {2009}
}


@Book{Winkler:01,
	Title                    = {Udmurt},
	Author                   = {Winkler, Eberhard},
	Publisher                = {M{\"u}nchen, LINCOM Europa},
	Year                     = {2001},
	Series                   = {Languages of the world: Materials, Vol. 212}
}

@Article{Stassen:00,
	Title                    = {AND-languages and WITH-languages},
	Author                   = {Stassen, Leon},
	Journal                  = { Linguistic Typology},
	Volume		= {4},
	Pages 		= {1-59},
	Year                     = {2000}
}

@Book{Johannessen:98,
	Title                    = {Coordination},
	Author                   = {Johannessen, Janne Bondi},
	Publisher                = {Oxford, Oxford University Press},
	Year                     = {1998},
	Month                    = jun,
	ISBN                     = {0198237723}
}



@BOOK{Chomsky:86,
	AUTHOR       = "Chomsky, Noam",
	TITLE        = "Barriers",
	PUBLISHER    = "MIT Press",
	YEAR         = "1986",
	VOLUME       = "",
	SERIES       = "Linguistic Inquiry Monographs 13",
	ADDRESS      = "Cambridge, MA",
	EDITION      = "",
	MONTH        = "",
	NOTE         = ""
}



@INCOLLECTION{FiedlerSchwarz:05,
	AUTHOR       = "Fiedler, Ines and Schwarz, Anne",
	TITLE        = "Out-of-focus encoding in {G}ur and {K}wa",
	BOOKTITLE    = "Approaches and Findings in Oral, Written and Gestural Language",
	PUBLISHER    = "Universit{\"a}tsverlag Potsdam.",
	YEAR         = "2005",
	EDITOR       = "Ishihara, S. and 
	Schmitz, M. and Schwarz, A.",
	CHAPTER      = "",
	PAGES        = "111-142",
	ADDRESS      = "Potsdam",
	MONTH        = "",
	NOTE         = "Interdisciplinary studies on information structure (ISIS) Vol. 3"
}


@article{Chiarcos:11,
	author = {Chiarcos, Christian and Fiedler, Ines and Grubic, Mira and Hartmann, Katharina and  Ritz, Julia and Schwarz, Anne and Zeldes, Amir and Zimmermann, Malte},
	journal = {Language Resources and Evaluation},
	number = {3},
	pages = {361-374},
	publisher = {Springer},
	title = {Information structure in {A}frican languages: corpora and tools},
	volume = {45},
	year = {2011}
}

@Book{Manzini:92,
	author = 	 {Manzini, Rita},
	ALTeditor = 	 {},
	title = 	 {Locality. {A} Theory and Some of Its Empirical Consequences},
	publisher = 	 {MIT Press},
	year = 	 {1992},
	OPTkey = 	 {},
	OPTvolume = 	 {},
	OPTnumber = 	 {},
	OPTseries = 	 {},
	address = 	 {Cambridge, MA},
	OPTedition = 	 {},
	OPTmonth = 	 {},
	OPTnote = 	 {},
	OPTannote = 	 {}
}

@Book{Skopeteasetal:06,
	author = {Skopeteas, Stavros and Fiedler, Ines and Hellmuth, Samantha and Schwarz, Anne and Stoel, Ruben and Fanselow, Gisbert and F{\'e}ry, Caroline and Krifka, Manfred},
	series = {Information Structure},
	volume = {4},
	publisher = {University of Potsdam},
	address = {Potsdam},
	title = {Questionnaire on information structure ({QUIS})},
	volume = {},
	year = {2006}
}


@ARTICLE{Drenhauseetal:11,
	AUTHOR       = "Drenhaus, Heiner and Zimmermann, Malte and Vasishth, Shravan",
	TITLE        = "Exhaustiveness effects in clefts are not truth-functional",
	JOURNAL      = "Journal of Neurolinguistics",
	YEAR         = "2011",
	VOLUME       = "24",
	NUMBER       = "",
	PAGES        = "320-337",
	MONTH        = "",
	NOTE         = ""
}

@ARTICLE{Lambrecht:01,
	AUTHOR       = "Lambrecht, Knud",
	TITLE        = "A framework for the analysis of cleft constructions",
	JOURNAL      = "Linguistics",
	YEAR         = "2011",
	VOLUME       = "39",
	NUMBER       = "",
	PAGES        = "463-516",
	MONTH        = "",
	NOTE         = ""
}

@ARTICLE{Zimmermann:11:Chadic,
	AUTHOR       = "Zimmermann, Malte",
	TITLE        = "The grammatical expression of focus in {W}est {C}hadic: Variation and uniformity in and across languages",
	JOURNAL      = "Linguistics",
	YEAR         = "2011",
	VOLUME       = "49",
	NUMBER       = "",
	PAGES        = "1161-1211",
	MONTH        = "",
	NOTE         = ""
}

@ARTICLE{Bresnan:94,
	AUTHOR       = "Bresnan, Joan",
	TITLE        = "Locative inversion and the architecture of Universal Grammar",
	JOURNAL      = "Language",
	YEAR         = "1994",
	VOLUME       = "70",
	NUMBER       = "",
	PAGES        = "72-131",
	MONTH        = "",
	NOTE         = ""
}

@article{Diesing:90,
	author = "Diesing, Molly",
	journal = "Natural Language and Linguistic Theory",
	number = "1",
	pages = "41-79",
	publisher = "Springer",
	title = "Verb Movement and the Subject Position in {Y}iddish",
	volume = "8",
	year = "1990"
}


@INCOLLECTION{Fiedleretal:10,
	AUTHOR       = "Fiedler, Ines and Hartmann, Katharina and Reineke, Brigitte and Schwarz, Anne and Zimmermann, Malte",
	TITLE        = "Subject focus in {W}est {A}frican languages",
	BOOKTITLE    = "Information structure from different perspectives",
	PUBLISHER    = "Oxford University Press",
	YEAR         = "2010",
	EDITOR       = "Zimmermann, M. and F{\'e}ry, C.",
	CHAPTER      = "",
	PAGES        = "234-257",
	ADDRESS      = "Oxford",
	MONTH        = "",
	NOTE         = ""
}

@INCOLLECTION{SkopeteasFanselow:10,
	AUTHOR       = "Skopeteas, Stavros and Fanselow, Gisbert",
	TITLE        = "Focus types and argument asymmetries. A cross-linguistic study in language production",
	BOOKTITLE    = "Comparative and contrastive studies of information structures",
	PUBLISHER    = "Benjamins",
	YEAR         = "2010",
	EDITOR       = "Breul, C. and G{\"o}bbel, E.",
	CHAPTER      = "",
	PAGES        = "165-197",
	ADDRESS      = "Amsterdam, Philadelphia",
	MONTH        = "",
	NOTE         = ""
}

@INCOLLECTION{Diercks:ta,
	AUTHOR       = "Diercks, Michael",
	TITLE        = "Locative inversion",
	BOOKTITLE    = "Blackwell Companion to Syntax, 2nd edition",
	PUBLISHER    = "Wiley-Blackwell",
	YEAR         = "2017",
	EDITOR       = "Everaert, M. and {van Riemsdijk}, Henk",
	CHAPTER      = "",
	PAGES        = "",
	ADDRESS      = "",
	MONTH        = "",
	NOTE         = ""
}

@INCOLLECTION{HalleMarantz:94,
	AUTHOR       = "Halle, Morris and Marantz, Alec",
	TITLE        = "Some {K}ey {F}eatures of {D}istributed {M}orphology",
	BOOKTITLE    = "Papers on {P}honology and {M}orphology",
	PUBLISHER    = "MITWPL",
	YEAR         = "1994",
	EDITOR       = "Carnie, Andrew and Harley, Heidi and Bures, Tony",
	CHAPTER      = "",
	PAGES        = "275-288",
	ADDRESS      = "Cambridge, MA",
	MONTH        = "",
	NOTE         = ""
}


@UNPUBLISHED{Baker&Bobaljik:02,
	AUTHOR       = "Baker, Mark and Bobaljik, Jonathan",
	TITLE        = "Introduction to Morphology",
	NOTE         = "Ms., Rutgers University and McGill
	University",
	MONTH        = "",
	YEAR         = "2002"
}

@InProceedings{Bobalkjik:00,
	author = 	 "Bobaljik, Jonathan~D.",
	title = 	 "The Ins and Outs of Contextual Allomorphy",
	booktitle = "University of Maryland Working Papers in Linguistics",
	pages = 	 "35-71",
	year = 	 "2000",
	editor = 	 "Kleanthes Grohmann and Caro Struijke",
	volume = 	 "10",
	address = 	 "College Park",
	publisher = "University of Maryland"
}

@Article{Carstairs:01,
	title={Grammatically conditioned allomorphy, paradigmatic structure, and the ancestry constraint},
	author={Carstairs-McCarthy, Andrew},
	journal={Transactions of the Philological Society},
	pages={223-245},
	volume = {99},
	year = {2001}
}

@Article{Adgeretal:03,
	title={Directionality of allomorphy: a reply to Carstairs-McCarthy},
	author={Adger, David, B{\'e}jar, Susana and Harbour, Daniel},
	journal={Transactions of the Philological Society},
	pages={223-245},
	volume = {109-115},
	year = {2003}
}



@BOOK{Embick:10,
	AUTHOR       = "Embick, David",
	TITLE        = "Localism versus Globalism in Morphology and Phonology",
	PUBLISHER    = "MIT Press" ,
	YEAR         = "2010",
	VOLUME       = "",
	SERIES       = "Linguistic Inquiry Monographs 60",
	ADDRESS      = "Cambridge, MA",
	EDITION      = "",
	MONTH        = "",
	NOTE         = ""
}

@BOOK{Bobaljik:12,
	AUTHOR       = "Bobaljik, Jonathan~D.",
	TITLE        = "Universals in Comparative Morphology: Suppletion, superlatives, and the structure of words",
	PUBLISHER    = "MIT Press" ,
	YEAR         = "2012",
	VOLUME       = "",
	SERIES       = "",
	ADDRESS      = "Cambridge, MA",
	EDITION      = "",
	MONTH        = "",
	NOTE         = ""
}


@ARTICLE{Moskal:15,
	AUTHOR       = "Moskal, Beata",
	TITLE        = "Limits on Allomorphy: A Case Study in Nominal Suppletion",
	JOURNAL      = "Linguistic Inquiry",
	YEAR         = "2015",
	VOLUME       = "46",
	NUMBER       = "2",
	PAGES        = "363-375",
	MONTH        = "",
	NOTE         = ""
}

@INCOLLECTION{Wiese:08,
	AUTHOR       = "Wiese, Bernd",
	TITLE        = "Form and Function of Verbal Ablaut in Contemporary Standard {G}erman",
	BOOKTITLE    = "Explorations in Integrational Linguistics. Four essays on German, French, and Guaran{\'i}.",
	PUBLISHER    = "Benjamins",
	YEAR         = "2008",
	EDITOR       = "Sackmann, Robin",
	CHAPTER      = "",
	PAGES        = "97-151",
	ADDRESS      = "Amsterdam/Philadelphia",
	MONTH        = "",
	NOTE         = ""
}

@UNPUBLISHED{BobaljikHarley:13,
	AUTHOR       = "Bobaljik, Jonathan~D. and Harley, Heidi",
	TITLE        = "Suppletion is Local: Evidence from {H}iaki",
	NOTE         = "Ms., University of Connecticut and University of Arizona",
	MONTH        = "",
	YEAR         = "2002"
}


@UNPUBLISHED{Bjorkman&Zeijlstra:14,
	AUTHOR       = "Bjorkman, {Bronwyn M.} and Zeijlstra, Hedde",
	TITLE        = "Upward Agree is superior",
	NOTE         = "Ms., University of Torono and University of G{\"o}ttingen, to appear in \textit{Linguistic Inquiry}",
	MONTH        = "",
	YEAR         = "2014"
}

@BOOK{Baker:08,
	AUTHOR       = "Baker, {Mark C.}",
	TITLE        = "The Syntax of Agreement and Concord",
	PUBLISHER    = "Cambridge University Press",
	YEAR         = "2008",
	VOLUME       = "115",
	SERIES       = "Cambridge Studies in Linguistics",
	ADDRESS      = "Cambridge",
	EDITION      = "",
	MONTH        = "",
	NOTE         = ""
}

@INCOLLECTION{DealWolf:13,
	AUTHOR       = "Deal, {Amy Rose} and Wolf, Matthew",
	TITLE        = "Outwards-sensitive phonologically conditioned allomorphy in {N}ez {P}erce",
	BOOKTITLE    = "The Morphosyntax-Phonology Connection",
	PUBLISHER    = "Oxford University Press",
	YEAR         = "to appear",
	EDITOR       = "Gribanova, Vera and Shih, Stephanie",
	CHAPTER      = "",
	PAGES        = "",
	ADDRESS      = "Oxford",
	MONTH        = "",
	NOTE         = ""
}

@ARTICLE{Zimmermann:16,
	AUTHOR       = "Zimmermann, Eva",
	TITLE        = "Allomorphy between tone and segments",
	JOURNAL      = "Proceedings of NELS",
	YEAR         = "2016",
	VOLUME       = "45",
	NUMBER       = "",
	PAGES        = "271-281",
	MONTH        = "",
	NOTE         = ""
}

@Book{Aronoff&Fudeman:05,
	author = 	 {Aronoff, Mark and Fudeman, Kirsten},
	ALTeditor = 	 {},
	title = 	 {What is Morphology?},
	publisher = 	 {Blackwell},
	year = 	 {2005},
	OPTkey = 	 {},
	OPTvolume = 	 {},
	OPTnumber = 	 {},
	OPTseries = 	 {},
	address = 	 {Oxford},
	OPTedition = 	 {},
	OPTmonth = 	 {},
	OPTnote = 	 {},
	OPTannote = 	 {}
}

@INCOLLECTION{HalleMarantz:93,
	AUTHOR       = "Halle, Morris and Marantz, Alec",
	TITLE        = "Distributed {M}orphology and the {P}ieces of {I}nflection",
	BOOKTITLE    = "The {V}iew from {B}uilding 20",
	PUBLISHER    = "MIT Press",
	YEAR         = "1993",
	EDITOR       = "Hale, Ken and Keyser, {Samuel Jay}",
	CHAPTER      = "",
	PAGES        = "111-176",
	ADDRESS      = "Cambridge, MA",
	MONTH        = "",
	NOTE         = ""
}


@INCOLLECTION{BayerCheng:17,
	AUTHOR       = "Bayer, Josef and Cheng, {Lisa Lai Shen}",
	TITLE        = "Wh-in-situ",
	BOOKTITLE    = "Blackwell Companion to Syntax, 2nd edition",
	PUBLISHER    = "Wiley-Blackwell",
	YEAR         = "2017",
	EDITOR       = "Everaert, M. and {van Riemsdijk}, Henk",
	CHAPTER      = "",
	PAGES        = "",
	ADDRESS      = "",
	MONTH        = "",
	NOTE         = ""
}



@INCOLLECTION{Zerbian:07,
	AUTHOR       = "Zerbian, Sabine",
	TITLE        = "Subject/object-asymmetry in northern {S}otho",
	BOOKTITLE    = " On information structure, meaning and form",
	PUBLISHER    = "John Benjamins",
	YEAR         = "2007",
	EDITOR       = "Schwabe, K. and Winkler, S.",
	CHAPTER      = "",
	PAGES        = "323-343",
	ADDRESS      = "Amsterdam",
	MONTH        = "",
	NOTE         = ""
}



@article{FominyamSimik:17,
	author = "Fominyam, Henry and {\v{S}im\'{i}k}, Radek",
	title = "The morphosyntax of exhaustive focus: A view from {A}wing ({G}rassfields {B}antu)",
	journal = "Natural Language and Linguistic Theory",
	year = "2017",
	volume = "35",
	number = "4",
	pages = "1027-1077"	
}

@INCOLLECTION{LiThompson:76,
	AUTHOR       = "Li, {Charles N.} and Thompson, {Sandra A.}",
	TITLE        = "Subject and Topic: A New Typology of Language",
	BOOKTITLE    = "Subject and topic",
	PUBLISHER    = "Academic Press",
	YEAR         = "1976",
	EDITOR       = "Li, C.~N.",
	CHAPTER      = "",
	PAGES        = "457-489",
	ADDRESS      = "New York/San Francisco/London",
	MONTH        = "",
	NOTE         = ""
}


@ARTICLE{UrkRichards:15,
	AUTHOR       = "{van Urk}, {C.} and Richards, N.",
	TITLE        = "Two Components of Long-Distance Extraction: Successive Cyclicity in {D}inka",
	JOURNAL      = "Linguistic Inquiry",
	YEAR         = "2015",
	VOLUME       = "46",
	NUMBER       = "",
	PAGES        = "113-155",
	MONTH        = "",
	NOTE         = ""
}



@ARTICLE{Heck&Mueller:03,
	AUTHOR       = "Heck, F. and M{\"u}ller, G.",
	TITLE        = "Derivational Optimization of Wh-Movement",
	JOURNAL      = "Linguistic Analysis",
	YEAR         = "2003",
	VOLUME       = "33",
	NUMBER       = "",
	PAGES        = "97-148",
	MONTH        = "",
	NOTE         = "(Volume appeared 2007)"
}

@Incollection{Chomsky:00,
	author = 	 "Chomsky, N.",
	editor = 	 "Roger, M. and David, M. and Uriagereka, J.",
	title = 	 "Minimalist Inquiries: The Framework",
	booktitle = 	 "Step by Step",
	publisher = 	 "MIT Press",
	year = 	 "2000",
	OPTkey = 	 "",
	OPTvolume = 	 "",
	OPTnumber = 	 "",
	OPTseries = 	 "",
	OPTtype = 	 "",
	address = 	 "Cambridge, MA",
	OPTedition = 	 "",
	OPTmonth = 	 "",
	pages = 	 "89-155",
	OPTnote = 	 "",
	OPTannote = 	 ""
}

@INCOLLECTION{Chomsky:01,
	AUTHOR       = "Chomsky, N.",
	TITLE        = "Derivation by Phase",
	BOOKTITLE    = "Ken Hale: A Life in Language",
	PUBLISHER    = "MIT Press",
	YEAR         = "2001",
	EDITOR       = "Kenstowicz, M.",
	CHAPTER      = "",
	PAGES        = "1-52",
	ADDRESS      = "Cambridge, MA",
	MONTH        = "",
	NOTE         = ""
}


