@MISC{Boersma2018,
  author = {Boersma, Paul and Weenink, David},
  year = {2018},
  title = {Praat: Doing phonetics by computer [Computer program]. Version 6.0.37, retrieved 8 February 2018},
  url = {http://www.praat.org/}
}

@BOOK{Bouquiaux1978,
  author = {Bouquiaux, Luc and Kobozo, Jean-Marie and Diki-Kidiri, Marcel and Vallet, Jacqueline and  Behaghel, Anne},
  year = {1978},
  title = {Dictionnaire sango-français et Lexique français-sango = Bàkàrí sāngɔ̄-fàránzì kɛ́tɛ́ Bàkàrí fàránzi-sāngɔ̄},
  series = {Langues et Civilisations à Tradition Orale 29},
  address = {Paris},
  publisher = {SELAF}
  }

@ARTICLE{Boyd1997,
  author = {Boyd, Raymond}, 
  year = {1997},
  title = {Les harmonies vocaliques du zande},
  journal = {Lingua},
  volume = {101},
  number = {1--2},
  pages = {1--19},
  doi = {10.1016/S0024-3841(96)00017-4}
}

@BOOK{Boyeldieu1987,
  author = {Boyeldieu, Pascal},
  year = {1987},
  title = {Les langues fer («~kara~») et yulu du nord centrafricain: {E}squisses descriptives et lexiques},
  address = {Paris},
  publisher = {Geuthner}
  }

@ARTICLE{Boyeldieu1990,
  author = {Boyeldieu, Pascal},
  year = {1990},
  title = {Furu et Bagiro: {L}'extension oubanguienne des langues «~sara~»},
  journal = {Journal des africanistes},
  volume = {60},
  number = {1},
  pages = {77--106},
  url = {https://www.persee.fr/doc/jafr_0399-0346_1990_num_60_1_2295}
}

@BOOK{Boyeldieu2000,
  author = {Boyeldieu, Pascal},
  year = {2000},
  title = {La langue bagiro ({R}épublique {C}entrafricaine): {S}ystématique, textes et lexique},
  series = {Schriften zur Afrikanistik / Research in African Studies 4},
  address = {Frankfurt},
  publisher = {Peter Lang}
  }

@INCOLLECTION{Boyeldieu2001,
  author = {Boyeldieu, Pascal and Cloarec-Heiss,  France},
  year = {2001},
  title = {Les choix vocaliques de deux parlers banda: {C}orrespondances ou ressemblances régulières~?},
  editor = {Robert Nicolaï},
  booktitle = {Leçons d’{A}frique: {F}iliations, rupture et reconstitution de langues: {U}n hommage à {G}abriel {M}anessy},
  pages = {183--220},
  series = {Collection Afrique et Langage 2},
  address = {Louvain-Paris},
  publisher = {Peeters}
}

@BOOK{Brunache1894,
  author = {Brunache, Paul},
  year = {1894},
  title = {Le centre de l’{A}frique: {A}utour du {T}chad},
  address = {Paris},
  publisher = {Ancienne Librairie Germer Baillière}
  }

@UNPUBLISHED{Casali2003a,
  author = {Casali, Roderic F.},
  year = {2003},
  title = {An introduction to {ATR} vowel harmony in {A}frican languages},
  note = {ms. Dallas: SIL International},
  url = {https://www.sil.org/resources/archives/1372}
  }
  
@ARTICLE{Casali2003b,
  author = {Casali, Roderic F.},
  year = {2003},
  title = {{[ATR]} value asymmetries and underlying vowel inventory structure in {N}iger-{C}ongo and {N}ilo-{S}aharan},
  journal = {Linguistic Typology},
  volume = {7},
  number = {3},
  pages = {307--382},
  doi = {10.1515/lity.2003.018}
  }

@ARTICLE{Casali2008,
  author = {Casali, Roderic F.},
  year = {2008},
  title = {{ATR} harmony in {A}frican languages},
  journal = {Language and Linguistics Compass},
  volume = {2},
  number = {3},
  pages = {496--549},
  doi = {10.1111/j.1749-818X.2008.00064.x}
}

@INCOLLECTION{CloarecHeiss1978,
  author = {Cloarec-Heiss, France},
  year = {1978},
  title = {Étude préliminaire à une dialectologie banda},
  editor = {Raymond Boyd and France Cloarec-Heiss},
  booktitle = {Études comparatives},
  pages = {11--42},
  series = {Bibliothèque de la SELAF 65},
  address = {Paris},
  publisher = {SELAF}
}

@INCOLLECTION{CloarecHeiss1995,
  author = {Cloarec-Heiss, France},
  year = {1995},
  title = {Emprunts ou substrat ? {A}nalyse des convergences entre le groupe banda et les langues du Soudan central},
  editor = {Robert Nicolaï and Franz Rottland},
  booktitle = {Proceedings of the {F}ifth {N}ilo-{S}aharan {L}inguistics {C}olloquium, {N}ice, 24--29 {A}ugust 1992},
  pages = {321--355},
  address = {Cologne},
  publisher = {Rüdiger Köppe}
  }

@INCOLLECTION{Crothers1978,
  author = {Crothers, John},
  year = {1978},
  title = {Typology and universals of vowel systems},
  editor = {Joseph H. Greenberg},
  booktitle = {Universals of human language: {V}olume 2: {P}honology},
  pages = {93--152},
  address = {Stanford, CA},
  publisher = {Stanford University Press}
  }

@BOOK{Greenberg1970,
  author = {Greenberg, Joseph H.},
  year = {1970},
  title = {The languages of {A}frica},
  edition = {3},
  series = {Indiana University Research Center in Anthropology, Folklore and Linguistics 25},
  address = {Bloomington},
  publisher = {Indiana University}
  }
  
@BOOK(KamandaKola2003,
  author = {Kamanda-Kola, Roger},
  year = {2003},
  title = {Phonologie et morpho-syntaxe du mono: {L}angue oubanguienne du {C}ongo {R}. {D}.},
  series = {LINCOM Studies in African Linguistics 60},
  address = {Munich},
  publisher = {Lincom}
  }
  
@ARTICLE{KutschLojenga1996,
  author = {Kutsch Lojenga, Constance},
  year = {1996},
  title = {Participatory research in linguistics},
  journal = {Notes on Linguistics},
  volume = {73},
  pages = {13--27}
  }

@BOOK(Ladefoged2003,
  author = {Ladefoged, Peter},
  year = {2003},
  title = {Phonetic data analysis: {A}n introduction to fieldwork and instrumental techniques},
  address = {Oxford},
  publisher = {Blackwell}
  }

@UNPUBLISHED{Landi2005,
  author = {Landi, Germain},
  year = {2005},
  title = {La phonologie et l’orthographe de la langue Nzakara},
  note = {ms. Bangui: ACATBA},
  url = {https://www.sil.org/resources/publications/entry/71140}
  }
  
@COLLECTION{Monino1988,
  editor = {Moñino, Yves},
  year = {1988},
  title = {Lexique comparatif des langues oubanguiennes},
  address = {Paris},
  publisher = {Geuthner}
  }

@BOOK{Olson2005,
  author = {Olson, Kenneth S.},
  year = {2005},
  title = {The phonology of {M}ono},
  series = {SIL International and the University of Texas at Arlington Publications in Linguistics 140},
  address = {Dallas},
  publisher = {SIL International and University of Texas at Arlington}
  }
  
@UNPUBLISHED{Olson2013,
   author = {Olson, Kenneth S.},
   year = {2013},
   title = {A sketch of {L}utos phonology},
   note = {Paper presented at the 43rd Colloquium on African Languages and Linguistics, 26--28 August, 2013, Leiden, The Netherlands},
   url = {https://scholars.sil.org/kenneth_s_olson/lutos}
   }

@BOOK{Pike1947,
  author = {Pike, Kenneth L.},
  year = {1947},
  title = {Phonemics: {A} technique for reducing languages to writing},
  address = {Ann Arbor, MI},
  publisher = {University of Michigan Press}
  }

@INPROCEEDINGS{Rolle2017,
  author = {Rolle, Nicholas and Faytak, Matthew and Lionnet, Florian},
  year = {2017},
  title = {The distribution of advanced tongue root harmony and interior vowels in the {M}acro-{S}udan {B}elt},
  booktitle = {Proceedings of the {LSA}},
  volume = {2},
  number = {10},
  pages = {1--15},
  doi = {10.3765/plsa.v2i0.4058}
  }

@BOOK{Samarin1966,
  author = {Samarin, William J.},
  year = {1966},
  title = {The {G}beya language: {G}rammar, texts and vocabularies},
  series = {University of California Publications in Linguistics 44},
  address = {Berkeley},
  publisher = {University of California Press},
  url = {http://hdl.handle.net/1807/67174}
  }
  
@ARTICLE{Samarin1982,
  author = {Samarin, William J.},
  year = {1982},
  title = {Colonization and pidginization on the {U}bangi River},
  journal = {Journal of African Languages and Linguistics},
  volume = {4},
  pages = {1--42},
  doi = {10.1515/jall.1982.4.1.1}
  }
  
@INCOLLECTION{Samarin2000,
  author = {Samarin, William J.},
  year = {2000},
  title = {The status of {S}ango in fact and fiction. {O}n the one-hundredth anniversary of its conception},
  editor = {John H. McWhorter},
  booktitle = {Language change and language contact in pidgins and creoles},
  pages = {301--334},
  series = {Creole Language Library 21},
  address = {Amsterdam},
  publisher = {John Benjamins},
  doi = {10.1075/cll.21.11sam}
  }

@MISC{Segerer2011,
  author = {Segerer, Guillaume and Flavier, Sébastien},
  year = {2011--2018},
  title = {RefLex: Reference lexicon of Africa. Version 1.1. Paris, Lyon.},
  url = {http://reflex.cnrs.fr/}
}

@BOOK{Simons2018,
  editor = {Simons, Gary F. and Fennig, Charles D.},
  year = {2018},
  title = {Ethnologue: {L}anguages of the world},
  edition = {21},
  address = {Dallas},
  publisher = {SIL International},
  url = {http://www.ethnologue.com}
  }

@phdthesis{Starwalt2008,
  author = {Starwalt, Collen Grace Anderson},
  year = {2008},
  title = {The acoustic correlates of {ATR} harmony in seven- and nine-vowel {A}frican languages: {A} phonetic inquiry into phonological structure},
  address = {Arlington, TX},
  school = {University of Texas at Arlington},
  url = {https://uta-ir.tdl.org/uta-ir/handle/10106/1015}
  }

@unpublished{Kieschke1998,
  author = {Théret-Kieschke, Régine}, 
  year = {1998},
  title  = {Esquisse phonologique de ngbugu},
  note  = {ms. Bangui: SIL},
  }

@BOOK{Thomas1963,
  author = {Thomas, Jacqueline M. C.},
  year = {1963},
  title = {Le parler ngbaka de Bokanga: {P}honologie, morphologie, syntaxe},
  address = {Paris, The Hague},
  publisher = {Mouton}
}

@BOOK{Tucker1959,
  author = {Tucker, A. N. and Hackett, P. E.},
  year = {1959},
  title = {Le groupe linguistique zande},
  series = {Annales du Musée Royal du Congo Belge 8},
  series = {Sciences de l’Homme, Linguistique 22},
  address = {Tervuren},
  publisher = {Musée Royal du Congo Belge}
  }
