@incollection{akanligpare14,
	Address = {UK},
	Author = {George Akanlig-Pare},
	Booktitle = {A {L}egon Reader in {G}hanaian Linguistics},
	Date-Added = {2018-06-13 05:43:48 +0000},
	Date-Modified = {2018-06-14 14:01:51 +0000},
	Pages = {116-135},
	Publisher = {Ayebia Clarke Publishing Limited},
	Title = {The Tono-Syntax of Pronominal Objects in {B}uli},
	Year = {2014}}

@phdthesis{akanligpare05,
	Address = {Legon, Ghana},
	Author = {George Akanlig-Pare},
	Date-Added = {2018-06-13 05:35:18 +0000},
	Date-Modified = {2018-06-14 14:02:06 +0000},
	School = {University of Ghana, Legon.},
	Title = {Buli Tonology: A Non-Linear Analysis},
	Type = {Unpublished {Ph.D.} dissertation},
	Year = {2005}}

@phdthesis{ladusaw79,
	Author = {William Ladusaw},
	Date-Added = {2018-05-26 06:46:18 +0000},
	Date-Modified = {2018-05-26 06:46:18 +0000},
	School = {University of Texas at Austin},
	Title = {Polarity Sensitivity as Inherent Scope Relations},
	Type = {{Ph.D.} dissertation},
	Year = {1979}}

@article{kadmonandlandman93,
	Author = {Kadmon, Nirit and Fred Landman},
	Date-Added = {2018-05-26 06:46:11 +0000},
	Date-Modified = {2018-05-26 06:46:11 +0000},
	Journal = {Linguistics and Philosophy},
	Pages = {353--422},
	Title = {Any},
	Volume = {15},
	Year = {1993}}

@book{haspelmath97,
	Address = {Oxford},
	Author = {Martin Haspelmath},
	Date-Added = {2018-05-22 00:47:39 +0000},
	Date-Modified = {2018-05-22 00:47:39 +0000},
	Publisher = {Oxford University Press},
	Title = {Indefinite Pronouns},
	Year = {1997}}
	
@incollection{WAFL14,
	Address = {Cambridge, MA},
	Author = {Ken Hiraiwa},
	Booktitle = {Negative . . . concord or polarity?: {NSI}s in {O}kinawan},
	Date-Added = {2018-05-09 14:06:14 +0000},
	Date-Modified = {2018-05-09 14:08:58 +0000},
	Editor = {Tatiana Bondarenko and Colin Davis and Justin Colley and Dmitry Privoznov},
	Pages = {77--90},
	Publisher = {MITWPL},
	Title = {Proceedings of {WAFL} 14},
	Year = {2019}}


@article{boeckx00s,
	Author = {Cedric Boeckx},
	Date-Added = {2018-05-14 07:29:03 +0000},
	Date-Modified = {2018-05-14 07:29:03 +0000},
	Journal = {Linguistic {I}nquiry},
	Pages = {357--366},
	Title = {A note on Contraction},
	Volume = {31(2)},
	Year = {2000}}

@article{boskovic02s,
	Author = {\v{Z}eljko Bo\v{s}kov\'ic},
	Date-Added = {2018-05-14 07:28:31 +0000},
	Date-Modified = {2018-05-14 07:31:51 +0000},
	Journal = {Syntax},
	Pages = {167--218},
	Title = {A-Movement and the {EPP}},
	Volume = {5(3)},
	Year = {2002}}

@book{vanderwouden97,
	Address = {London, UK},
	Author = {van der Wouden, Ton},
	Date-Added = {2018-05-09 23:04:04 +0000},
	Date-Modified = {2018-05-09 23:04:04 +0000},
	Publisher = {Routledge},
	Title = {Negative Contexts: Collocation, Polarity, and Multiple Negation},
	Year = {1997}}

@incollection{haegeman97,
	Address = {Amsterdam/Philadelphia},
	Author = {Liliane Haegeman},
	Booktitle = {Negation and polarity: Syntax and semantics},
	Date-Added = {2018-05-09 14:06:14 +0000},
	Date-Modified = {2018-05-09 14:08:58 +0000},
	Editor = {Danielle Forget and Paul Hirschb\"uhler and France Martineau and Mar\'ia Luisa Rivero},
	Pages = {115--137},
	Publisher = {John Benjamins},
	Title = {The syntax of n-words and the Neg Criterion},
	Year = {1997}}

@incollection{giannakidou06,
	Address = {London},
	Author = {Anastasia Giannakidou},
	Booktitle = {Blackwell Companion to Syntax},
	Date-Added = {2018-05-09 14:02:56 +0000},
	Date-Modified = {2018-05-09 14:02:56 +0000},
	Editor = {M. Everaert and H. van Riemsdijk},
	Pages = {327--391},
	Publisher = {Blackwell},
	Title = {N-words and negative concord},
	Year = {2006}}

@incollection{GLOSSA16,
	Author = {Ken Hiraiwa and George Akanlig-Pare and Samuel Awinkene Atintono and Adams Bodomo and Komlan Essowe Essizewa and Fusheini Hudu},
	Booktitle = {Glossa special collection on internally-headed relative clauses},
	Date-Added = {2018-05-09 13:18:02 +0000},
	Date-Modified = {2018-05-09 13:18:02 +0000},
	Editor = {Ken Hiraiwa},
	Number = {2910(27)},
	Publisher = {[DOI: http://doi.org/10.5334/gjgl.40]},
	Title = {A Comparative Syntax of Internally-Headed Relative Clauses in {G}ur},
	Year = {2017}}

@article{collinsetal17,
	Author = {Chris Collins and Paul Postal and Elvis Yevudey},
	Date-Added = {2018-05-05 14:30:07 +0000},
	Date-Modified = {2018-05-05 14:30:07 +0000},
	Journal = {Journal of {L}inguistics},
	Pages = {[doi:10.1017/S002222671700007X]},
	Title = {Negative polarity items in {E}we},
	Year = {2017}}

@book{collinsandpostal14,
	Address = {Cambridge, MA},
	Author = {Chris Collins and Paul M. Postal},
	Date-Added = {2018-05-05 14:29:36 +0000},
	Date-Modified = {2018-05-05 14:29:36 +0000},
	Publisher = {MIT Press},
	Title = {Classical {NEG} Raising},
	Year = {2014}}

@incollection{korsahandmurphy17,
	Address = {Universit\"{a}t T\"{u}bingen},
	Author = {Sampson Korsah and Andrew Murphy},
	Booktitle = {Proceedings of {T}riple{A} 3},
	Date-Added = {2018-05-05 01:55:27 +0000},
	Date-Modified = {2018-05-05 01:55:27 +0000},
	Editor = {Vera Hohaus and Wanda Rothe},
	Pages = {16--31},
	Publisher = {Universit\"{a}t T\"{u}bingen},
	Title = {Reduplicated Indefinites in {G}\~{a}: Concord or Polarity?},
	Year = {2017}}

@book{penka11,
	Address = {New York, NY},
	Author = {Doris Penka},
	Date-Added = {2018-05-05 01:55:01 +0000},
	Date-Modified = {2018-05-05 01:55:01 +0000},
	Publisher = {Oxford University Press},
	Title = {Negative Indefinites},
	Year = {2011}}

@article{watanabe04,
	Author = {Akira Watanabe},
	Date-Added = {2018-05-05 00:15:05 +0000},
	Date-Modified = {2018-05-05 00:15:05 +0000},
	Journal = {Linguistic {I}nquiry},
	Pages = {559--612},
	Title = {The Genesis of Negative Concord: Syntax and Morphology of Negative Doubling},
	Volume = {35(4)},
	Year = {2004}}

@book{haegeman95,
	Address = {Cambridge, UK},
	Author = {Haegeman, Liliane},
	Date-Added = {2018-05-05 00:14:37 +0000},
	Date-Modified = {2018-05-05 00:14:37 +0000},
	Publisher = {Cambridge University Press},
	Title = {The Syntax of Negation},
	Year = {1995}}

@incollection{haegemanandzanuttini96,
	Address = {New York, NY},
	Author = {Haegeman, Liliane and Raffaella Zanuttini},
	Booktitle = {Parameters and functional heads},
	Date-Added = {2018-05-05 00:14:25 +0000},
	Date-Modified = {2018-05-05 00:14:25 +0000},
	Editor = {Adriana Belletti and Luigi Rizzi},
	Pages = {117--179},
	Publisher = {Oxford University Press},
	Title = {Negative Concord in {W}est {F}lemish},
	Year = {1996}}

@article{haegemanandzanuttini91,
	Author = {Haegeman, Liliane and Raffaella Zanuttini},
	Date-Added = {2018-05-05 00:14:15 +0000},
	Date-Modified = {2018-05-05 00:14:15 +0000},
	Journal = {The Linguistic Review},
	Pages = {233--251},
	Title = {Negative heads and the {NEG} criterion},
	Volume = {8},
	Year = {1991}}

@article{giannakidou00,
	Author = {Anastasia Giannakidou},
	Date-Added = {2018-05-05 00:14:04 +0000},
	Date-Modified = {2018-05-05 00:14:04 +0000},
	Journal = {Natural Language $\&$ Linguistic Theory},
	Pages = {457--523},
	Title = {Negative . . . Concord?},
	Volume = {18},
	Year = {2000}}

@article{miyagawaetal16,
	Author = {Miyagawa, Shigeru and Nobuaki Nishioka and Hedde Zeijlstra},
	Date-Added = {2018-05-05 00:13:50 +0000},
	Date-Modified = {2018-05-05 00:13:50 +0000},
	Journal = {Glossa},
	Pages = {1--28 [DOI: http:// dx.doi.org/10.5334/gjgl.6]},
	Title = {Negative sensitive items and the discourse-configurational nature of {J}apanese},
	Volume = {1(1): 33},
	Year = {2016}}

@incollection{giannakidouandzeijlstra17,
	Address = {New York, NY},
	Author = {Anastasia Giannakidou and Hedde Zeijlstra},
	Booktitle = {The {W}iley {B}lackwell Companion to Syntax (2nd Edition)},
	Date-Added = {2018-05-05 00:13:39 +0000},
	Date-Modified = {2018-05-05 00:13:39 +0000},
	Editor = {Martin Everaert and Henk van Riemsdijk},
	Pages = {2099--2136},
	Publisher = {Wiley-Blackwell},
	Title = {The Landscape of Negative Dependencies},
	Year = {2017}}

@article{vallduvi94,
	Author = {Vallduv\'i, Enric},
	Date-Added = {2018-05-05 00:12:50 +0000},
	Date-Modified = {2018-05-05 00:12:50 +0000},
	Journal = {Probus},
	Pages = {263--294},
	Title = {Polarity items, n-words and minimizers in {C}atalan and {S}panish},
	Volume = {6},
	Year = {1994}}

@book{Comrie1981,
	Address = {Oxford},
	Author = {Bernard Comrie},
	Publisher = {Basil Blackwell},
	Title = {Language Universals and Linguistic Typology},
	Year = {1981}}

@book{Chomsky1957,
	Address = {The Hague},
	Author = {Noam Chomsky},
	Publisher = {Mouton},
	Title = {Syntactic structures},
	Year = {1957}}

@book{Circov1900,
	Address = {The Hague},
	Author = {{\'C}ircov, Boban},
	Publisher = {Mouton},
	Sortname = {Circov},
	Title = {Proceedings of Test Conference TCx3II},
	Year = {1957}}

@book{MeierCircovac1900,
	Address = {The Hague},
	Author = {Meier, Hans and {\'C}ircovac, Damir},
	Publisher = {Mouton},
	Title = {Toastbrot},
	Year = {1957}}
