@incollection{Grimm:2012,
	author = {Grimm, Scott},
	year = {2012},
	title = {Individuation and inverse number marking in {D}agaare},
	booktitle = {Count and mass across languages},
	editor = {Diane Massam},
	pages = {75-98},
	publisher = {Oxford University Press}}
	
@phdthesis{Grimm:2012b,
	author = {Grimm, Scott},
	year = {2012},
	title = {Number and individuation},
	school = {Stanford University}}
	
@phdthesis{Sande:2017,
	author = {Sande, Hannah},
	year = {2017},
	title = {Distributing morphologically conditioned phonology: Three case studies from {G}u\'ebie},
	school = {UC Berkeley}}
	
@article{Deal:2017,
	author = {Deal, Amy Rose},
	year = {2017},
	title = {Countability distinctions and semantic variation},
	journal = {Natural Language Semantics},
	volume = {25},
	number = {2},
	pages = {125-171},
}

@incollection{Krifka:1989,
	author = {Krifka, Manfred},
	year = {1989},
	title = {Nominal reference, temporal constitution and quantification in event semantics},
	booktitle = {Semantics and contextual expression},
	editor = {Bartsch, R. and van Benthem, J.F.A.K. and von Emde Boas, P},
	publisher = {Foris Publications},
	address = {Dordrecht},
	pages = {75-115}}
	
@incollection{Landman:2011,
	author = {Landman, Fred},
	year = {2011},
	title = {Count nouns, mass nouns, neat nouns, mess nouns},
	booktitle = {The {B}altic international yearbook of cognition, logic and communication: Formal semantics and pragmatics. Discourse, context and models},
	volume = {6},
	editors = {Partee, Barbara H. and Glanzberg, M. and Skilters, J.},
	pages = {1-67},
	publisher = {New Prairie Press},
	address = {Manhattan, KS}}
	
@book{Quine:1960,
	author = {Quine, W.V.O.},
	year = {1960},
	title = {Word and object},
	publisher = {MIT Press},
	address = {Cambridge, MA}}
	
@incollection{Link:1983,
	author = {Link, Godehard},
	year = {1983},
	title = {The logical analysis of plurals and mass terms: A lattice-theoretical approach},
	booktitle = {Meaning, use and interpretation of language},
	editor = {B{\"a}uerle, R.},
	pages = {302-323},
	publisher = {DeGruyter},
	address = {Berlin}}

@incollection{Cheng:1973,
	author = {Cheng, C.Y.},
	year = {1973},
	title = {Response to {M}oravscik},
	booktitle = {Approaches to natural language},
	editor = {Hintikka, Jaakko and Moravcsik, Julius and Suppes, Patrick},
	pages = {286-288},
	publisher = {Reidel},
	address = {Dordrecht}}
	
@article{Chierchia:1998,
	author = {Chierchia, Gennaro},
	year = {1998},
	title = {Reference to kinds across languages},
	journal = {Natural Language Semantics},
	volume = {6},
	pages = {339-305}}

@book{Doetjes:1997,
	author = {Doetjes, Jenny},
	year = {1997},
	title = {Quantifiers and selection},
	publisher = {Holland Academic Graphics},
	address = {The Hague}}
	
@incollection{Sauerlandetal:2005,
	author = {Sauerland, Uli and Andersen, Jan and Yatsushiro, Kazuko},
	year = {2005},
	title = {The plural is semantically unmarked},
	booktitle = {Linguistic evidence},
	editor = {Kepser, Stephan and Reis, Marga},
	publisher = {De Gruyter Mouton},
	address = {Berlin},
	pages = {413-434}}

@article{FarkasdeSwart:2010,
	author = {Farkas, Donka and de Swart, Henri{\"e}tte},
	year = {2010},
	title = {The semantics and pragmatics of plurals},
	journal = {Semantics and Pragmatics},
	volume = {3},
	pages = {1-54}}
	
@article{ChengSybesma:1998,
	author = {Cheng, Lisa L-S. and Sybesma, Rint},
	year = {1998},
	title = {Yi-wan tang, yi-ge tang: Classifiers and massifiers},
	journal = {Tsing Hua Journal of Chinese Studies},
	volume = {28},
	pages = {385-412}}

@incollection{CheungLiBarner:2010,
	author = {Cheung, Pierina and Li, Peggy and Barner, David},
	year = {2010},
	title = {Individuation and quantification: Do bare nouns in {M}andarin {C}hinese individuate?},
	booktitle = {Proceedings of the 22nd {N}orth {A}merican conference on {C}hinese linguistics},
	editor = {Clemens, L.E. and Liu, C.-M.},
	pages = {395-412},
	publisher = {Harvard University},
	address = {Cambridge, MA}}

@incollection{InagakiBarner:2009,
	author = {Inagaki, Shunji and Barner, David},
	year = {2009},
	title = {Countability in absence of count syntax: Evidence from {J}apanese quantity judgements},
	booktitle = {Studies in language sciences},
	editor = {Ingakai, Shunji},
	volume = {8},
	pages = {111-125},
	publisher = {Kurosio},
	address = {Tokyo}}
	
@book{Marchese:1979,
    Author = {Marchese, Lynell},
    Title = {Atlas Linguistique Kru},
    Address = {Abidjan},
    Publisher = {ILA},
    Year = {1979}}

@book{Bunt:1985,
	Author = {Bunt, Harry C.},
	Year = {1985},
	Title = {Mass terms and model-theoretic semantics},
	Publisher = {Cambridge University Press},
	Address = {Cambridge},
}
