@ARTICLE{Asher1987,
    author = {Nicholas Asher},
    year = {1987},
    title = {A typology for attitude verbs and their anaphoric properties},
    journal = {Linguistics and Philosophy},
    volume = {10(2)},
    pages = {125--197}
}

@INCOLLECTION{giannakidou2008,
   author = {Anastasia Giannakidou},
   year = {2008},
   title = {Negative and positive polarity items: Variation, licensing, and compositionality},
   booktitle = {Semantics: An International Handbook of Natural Language Meaning, (2nd ed.)},
   editor = {Claudia Maienborn and Klaus von Heusinger and Paul Portner},
   pages = {1660--1712},
   publisher = {Berlin},
   address = {Mouton de Gruyter}
}

@INCOLLECTION{henderson2007,
   author = {Brent Henderson},
   year = {2007},
   title = {The syntax of agreement in {B}antu relatives},
   booktitle = {Texas Linguistics Society 9: Morphosyntax of Underrepresented Languages},
   editor = {Frederick Hoyt and Nikki Seifert and Alexandra Teodorescu and Jessica White},
   pages = {167--184},
}

@BOOK{kayne1994,
    author = {Richard Kayne},
    year = {1994},
    title = {The antisymmetry of syntax},
    publisher = {The MIT Press},
    address = {Cambridge}
}

@UNPUBLISHED{keupdjio,
    author = {Hermann Keupdjio},
    year = {{f}orthcoming},
    title = {A-bar movement in {M}edumba},
    note = {Doctoral dissertation},
    address = {University of British Columbia}
}

@UNPUBLISHED{kouankem2011,
    author = {Constantine Kouankem},
    year = {2011},
    title = {The Syntax of the {M}edumba Determiner Phrase},
    note = {Doctoral dissertation},
    address = {The University of Yaounde 1, Cameroon}
}

@ARTICLE{kouankem2012,
    author = {Constantine Kouankem},
    year = {2012},
    title = {Determiner phrase structure and  concord in {M}edumba},
    journal = {South African Journal of African Linguistics},
    volume = {33(1)},
    pages = {59--64}
}

@MISC{ethnologue,
    editor = {M. Paul Lewis and Gary F. Simons and Charles D Fennig},
    title = {Medumba. Ethnologue: Languages of the World},
    edition = {18th},
    howpublished = {\url{https://www.ethnologue.com/language/BYV}}
}

@UNPUBLISHED{mucha2015,
    author = {Anne Mucha},
    title = {Temporal Interpretation and Cross-Linguistic Variation: A formal semantic analysis of temporal and aspectual reference in {H}ausa and {M}edumba},
    year = {2015},
    note = {Doctoral dissertation},
    address = {University of Potsdam}
}

@INCOLLECTION{pearson,
   author = {Hazel Pearson},
   year = {{f}orthcoming},
   title = {Attitude verbs},
   booktitle = {Companion to Semantics},
   editor = {Lisa Matthewson and C\'ecile Meier and Hotze Rullman and Thomas Ede Zimmermann},
   publisher = {Wiley},
   address = {Hoboken}
}

@INCOLLECTION{rizzi1997,
    author = {Luigi Rizzi},
    year = {1997},
    title = {The Fine Structure of the Left Periphery},
    booktitle = {Elements of grammar: A Handbook of Generative Syntax},
    editor = {Liliane Haegeman},
    publisher = {Kluwer},
    address = {Dordrecht},
    pages = {281--337}
}

@ARTICLE{voorhoeve1971,
    author = {Jan Voorhoeve},
    year = {1971},
    title = {Tonology of the {B}amileke Noun},
    journal = {Journal of African Linguistics},
    volume = {10(2)},
    pages = {44--53}
}

@INCOLLECTION{voorhoeve1972,
    author = {Jan Voorhoeve},
    year = {1972},
    title = {Bamileke},
    booktitle = {West {A}frican Language Data Sheets 1},
    editor = {M. E. {Kropp Dakubu}},
    pages = {57--66}
}


%
%@ARTICLE{name,
%    author = {},
%    year = {},
%    title = {},
%    journal = {},
%    volume = {},
%    pages = {}
%}

%@INCOLLECTION{name,
%   author = {},
%   year = {},
%   title = {},
%   booktitle = {},
%   editor = {},
%   pages = {},
%   publisher = {},
%   address = {}
%}