
@thesis{Salzmann2006,
  langid = {english},
  location = {{Utrecht}},
  title = {Resumptive Prolepsis: A Study in Indirect {{A}}'-Dependencies.},
  shorttitle = {Resumptive Prolepsis},
  institution = {{LOT}},
  date = {2006},
  author = {Salzmann, Martin},
  file = {/home/lydia/Zotero/storage/FIE97C47/Salzmann Prolepsis Thesis.pdf},
  note = {OCLC: 84611597}
}

@article{Quine1956,
  title = {Quantifiers and Propositional Attitudes},
  volume = {53},
  journaltitle = {Journal of Philosophy},
  date = {1956},
  pages = {177--187},
  author = {Quine, W.V.}
}

@incollection{SafirSikuku2011,
  title = {Lubukusu {{Anaphora Sketch}} Version 3.1},
  url = {http://www.africananaphora.rutgers.edu/},
  booktitle = {Afranaph {{Website}}, {{http://www.africananaphora.rutgers.edu/}}},
  date = {2011},
  author = {Safir, Ken and Sikuku, Justine},
  editor = {Safir, Ken}
}

@inproceedings{Anagnostopoulou2016,
  location = {{Universität Kostanz}},
  title = {Clitic {{Doubling}} and {{Object Agreement}}},
  booktitle = {Proceedings of the {{VII Nereus International Workshop}}: ``{{Clitic}} Doubling and Other Issues of the Syntax/Semantic Interface in {{Romance DPs}}"},
  date = {2016},
  pages = {11--42},
  author = {Anagnostopoulou, Elena}
}

@article{Matushansky2006,
  title = {Head Movement in Linguistic Theory},
  volume = {37},
  number = {1},
  journaltitle = {Linguistic inquiry},
  date = {2006},
  pages = {69--109},
  author = {Matushansky, Ora},
  file = {/home/lydia/Zotero/storage/ZAV8P9CQ/Matushansky 2006 head movement.pdf}
}

@thesis{Wasike2006,
  location = {{Ithaca, New York}},
  title = {The {{Left Periphery}}, {{Wh}}-in-Situ and {{A}}-Bar {{Movement}} in {{Lubukusu}} and {{Other Bantu Languages}}},
  pagetotal = {393},
  institution = {{Cornell University}},
  type = {Ph.D.},
  date = {2006},
  keywords = {Syntax,Bantu,Lubukusu},
  author = {Wasike, Aggrey},
  file = {/home/lydia/Zotero/storage/FBTMFT5Z/wasike dissertation.pdf}
}

@unpublished{vanKoppenSeurendeVries2016,
  title = {The {{Proleptic Accusative}} as an Exceptional {{Exceptional Case Marking}} Construction},
  pagetotal = {31},
  type = {ms.},
  howpublished = {ms.},
  date = {2016},
  author = {van Koppen, Marjo and Seuren, Lucas and de Vries, Mark},
  options = {useprefix=true}
}

@article{Bruening2001,
  title = {Raising to Object and Proper Movement},
  journaltitle = {ms., University of Delaware},
  date = {2001},
  author = {Bruening, Benjamin},
  file = {/home/lydia/Zotero/storage/K9U84XVK/Bruening 2001 RtO and Proper Movement.pdf}
}

@incollection{Salzmanntoappear,
  title = {Prolepsis},
  booktitle = {The {{Wiley Blackwell Companion}} to {{Syntax}}},
  publisher = {{John Wiley \& Sons, Inc.}},
  year = {to appear},
  author = {Salzmann, Martin},
  editor = {Everaert, Martin and van Riemsdijk, Henk},
  options = {useprefix=true}
}

@unpublished{BakerKramer2016,
  title = {Doubling {{Clitics}} Are {{Pronouns}}: {{Reduce}} and {{Interpret}}},
  pagetotal = {46},
  type = {Unpublished Ms.},
  howpublished = {Unpublished Ms.},
  date = {2016},
  author = {Baker, Mark and Kramer, Ruth}
}

@article{PolinskyPotsdam2001,
  title = {Long-Distance Agreement and Topic in {{Tsez}}},
  volume = {19},
  url = {http://link.springer.com/article/10.1023/A:1010757806504},
  number = {3},
  journaltitle = {Natural Language \& Linguistic Theory},
  urldate = {2017-10-14},
  date = {2001},
  pages = {583--646},
  author = {Polinsky, Maria and Potsdam, Eric},
  file = {/home/lydia/Zotero/storage/VTB6P5B6/Polinsky and Potsdam 2001 Long-distance Agreement Tsez.pdf}
}

@article{BraniganMacKenzie2002,
  title = {Altruism, {{Ā}}-Movement, and Object Agreement in {{Innu}}-Aimûn},
  volume = {33},
  url = {http://www.mitpressjournals.org/doi/abs/10.1162/002438902760168545},
  number = {3},
  journaltitle = {Linguistic Inquiry},
  urldate = {2017-10-14},
  date = {2002},
  pages = {385--407},
  author = {Branigan, Phil and MacKenzie, Marguerite},
  file = {/home/lydia/Zotero/storage/HMQ2J274/Branigan and MacKenzie 2002 Altruism.pdf}
}

@article{Safir2014,
  langid = {english},
  title = {One {{True Anaphor}}},
  volume = {45},
  issn = {0024-3892, 1530-9150},
  url = {http://www.mitpressjournals.org/doi/abs/10.1162/LING_a_00149},
  number = {1},
  journaltitle = {Linguistic Inquiry},
  urldate = {2016-10-24},
  date = {2014-01},
  pages = {91-124},
  keywords = {agreement,anaphora,Syntax},
  author = {Safir, Ken},
  file = {/home/lydia/Zotero/storage/CA5ZUQX2/Safir2014 One true anaphor-LI.pdf}
}

@unpublished{DiercksSikuku2015,
  location = {{Pomona College and Moi University}},
  title = {Pragmatic {{Effects}} of {{Clitic Doubling}}: {{Two Kinds}} of {{Object Markers}} in {{Lubukusu}}},
  pagetotal = {53},
  date = {2015},
  author = {Diercks, Michael and Sikuku, Justine}
}

@incollection{SpeasTenny2003,
  location = {{Amsterdam}},
  title = {Configurational Properties and Point of View Roles},
  booktitle = {Asymmetry in {{Grammar}}},
  publisher = {{John Benjamins}},
  date = {2003},
  pages = {315--344},
  author = {Speas, P and Tenny, C},
  editor = {Di Sciullo, A.-M.}
}

@article{Salzmann2017,
  title = {Prolepsis},
  journaltitle = {The Wiley Blackwell Companion to Syntax, Second Edition},
  date = {2017},
  pages = {1--42},
  author = {Salzmann, Martin},
  file = {/home/lydia/Zotero/storage/DH4NZYXC/9781118358733.html}
}

@article{Anagnostopoulou2017,
  title = {Clitic Doubling},
  journaltitle = {The Wiley Blackwell Companion to Syntax, Second Edition},
  date = {2017},
  pages = {1--56},
  author = {Anagnostopoulou, Elena},
  file = {/home/lydia/Zotero/storage/27NMGJ76/Anagnostopoulou - 2017 - Clitic doubling.pdf;/home/lydia/Zotero/storage/ZQJA4GS6/9781118358733.html}
}

@article{SikukuDiercksMarlo2018,
  title = {Pragmatic Effects of Clitic Doubling},
  volume = {18},
  number = {2},
  journaltitle = {Linguistic Variation},
  date = {2018},
  pages = {359--429},
  author = {Sikuku, Justine M. and Diercks, Michael and Marlo, Michael R.},
  file = {/home/lydia/Zotero/storage/K39REABS/Sikuku et al. - 2018 - Pragmatic effects of clitic doubling.pdf;/home/lydia/Zotero/storage/QLEDBXTM/lv.00027.html}
}


