@article{mudimbe1977procedes,
  title={Proc{\'e}d{\'e}s d'enrichissement du vocabulaire et cr{\'e}ations de termes nouveaux dans un groupe de langues de l'Afrique centrale},
  author={Mudimbe, VY and Musinde, Kilanga and Wasamba, Lupukisa and Lutete, Nombo},
  year={1977}
}

@mastersthesis{bambi1998preservation,
  title={Preservation, minimalite et seuil de tolerance dans les emprunts Fran\c{c}ais en Lingala (French text).},
  author={Bambi-Idikay, A.},
  school={Laval University},
  year={1998}
}

@article{berko1958child,
  title={The child's learning of English morphology},
  author={Berko, Jean},
  journal={Word},
  volume={14},
  number={2-3},
  pages={150--177},
  year={1958},
  publisher={Taylor \& Francis}
}

@incollection{boersma2009loanword,
  title={Loanword adaptation as first-language phonological perception},
  author={Boersma, Paul and Hamann, Silke and others},
  booktitle={Loanword phonology},
  pages={11--58},
  editor={Andrea Calabrese and Leo W. Wetzels},
  year={2009},
  address={Amsterdam},
  publisher={John Benjamins}
}

@incollection{calabrese2009loan,
  title={Loan phonology: Issues and controversies},
  author={Calabrese, Andrea and Wetzels, W Leo},
  booktitle={Loan phonology},
  pages={1--10},
  editor={Andrea Calabrese and Leo W. Wetzels},
  year={2009},
  address={Amsterdam},
  publisher={John Benjamins}
}

@inproceedings{bokamba2012polylectal,
  title={A polylectal grammar of Ling{\'a}la and its theoretical implications},
  author={Bokamba, Eyamba G},
  booktitle={Selected Proceedings of the 42nd Annual Conference on African Linguistics},
  editor={{Marlo, Michael, Adams, Nikki B., Green, Christopher, Morrison, Michelle, and Tristan Purvis}},
  address={Somerville, MA},
  publisher={Cascadilla Proceedings Project},
  pages={291--307},
  year={2012}

}

@book{campbell2013compendium,
  title={Compendium of the World's Languages},
  author={Campbell, George L and King, Gareth},
  year={2013},
  address={London},
  publisher={Routledge}
}

@book{dohlus2010role,
  title={The role of phonology and phonetics in loanword adaptation: German and French front rounded vowels in Japanese},
  author={Dohlus, Katrin},
 address={Berlin},
  year={2010},
  publisher={Peter Lang GmbH}
}

@incollection{grosjean2003processing,
  title={Processing mixed language: Issues, findings, and models},
  author={Grosjean, Fran{\c{c}}ois},
  booktitle={The bilingualism reader},
  pages={421--447},
  year={2003},
  editor={Li Wei},
  address={London},
  publisher={Routledge}
}


@incollection{grosjean2001bilingual,
  title={The bilingual's language modes },
  author={Grosjean, Fran{\c{c}}ois},
  booktitle={One, Mind, Two Languages: Bilingual Language Processing},
  pages={1--22},
  editor={J. Nicol},
  year={2001},
  address={Oxford},
  publisher={Blackwell}
}

@incollection{kang2011loanword,
  title={Loanword phonology},
  author={Kang, Yoonjung},
  booktitle={The Blackwell companion to phonology},
  editor={Marc van Oostendorp, Colin Ewen, Elizabeth Hume and Keren Rice,},
  pages={1--25},
  year={2011},
  publisher={Wiley Blackwell}
}

@inproceedings{kang2014french,
  title={French loanwords in Vietnamese: the role of input language phonotactics and contrast in loanword adaptation},
  author={Kang, Yoonjung and Phạm, Andrea H{\`o}a and Storme, Benjamin},
  booktitle={Proceedings of the 3rd Annual Meetings on Phonology/Workshop at MIT},
  volume={2},
  year={2014}
}

@incollection{kenstowicz2006salience,
  title={Salience and similarity in loanword adaptation: a case study from Fijian},
  author={Kenstowicz, Michael},
  booktitle={Studies in Loanword Phonology},
  editor={F-F. Hsien and Michael Kenstowicz},
  volume={52},
  pages={139--164},
  year={2006},
  publisher={MITWPL}
}

@article{lacharite2005category,
  title={Category preservation and proximity versus phonetic approximation in loanword adaptation},
  author={LaCharit{\'e}, Darlene and Paradis, Carole},
  journal={Linguistic inquiry},
  volume={36},
  number={2},
  pages={223--258},
  year={2005}
}

@inproceedings{lin2009loanword,
  title={Loanword adaptation and phonological theory},
  author={Lin, Yen-Hwei},
  booktitle={Proceedings of the 21 North American Conference on Chinese Linguistics (NACCL-21)},
  volume={1},
  pages={1--12},
  year={2009}
}

@misc{motingea2006,
author={Motingea, A.},
title={Lingala courant. Grammaire pedagogique de reference},
 year={2006},
 publisher={Research Institute for Languages and Cultures of Asia and Africa (ILCAA)}, 
 address={Tokyo: Nagayama Printing}
}

@article{paradis2008apparent,
  title={Apparent phonetic approximation: English loanwords in Old Quebec French1},
  author={Paradis, Carole and LaCharit{\'e}, Darlene},
  journal={Journal of Linguistics},
  volume={44},
  number={1},
  pages={87--128},
  year={2008}
 
}

@article{peperkamp2008perceptual,
  title={On the perceptual origin of loanword adaptations: experimental evidence from Japanese},
  author={Peperkamp, Sharon and Vendelin, Inga and Nakamura, Kimihiro},
  journal={Phonology},
  volume={25},
  number={1},
  pages={129--164},
  year={2008},
  publisher={Cambridge University Press}
}

@inproceedings{peperkamp2003reinterpreting,
  title={Reinterpreting loanword adaptations: the role of perception},
  author={Peperkamp, Sharon and Dupoux, Emmanuel},
  booktitle={Proceedings of the 15th international congress of phonetic sciences},
  volume={367},
  pages={370},
  year={2003}
}

@inproceedings{peperkamp2004psycholinguistic,
  title={A psycholinguistic theory of loanword adaptations},
  author={Peperkamp, Sharon},
  booktitle={30th Annual Meeting of the Berkeley Linguistics Society},
  number={1},
  pages={341--352},
  address={Berkeley, CA},
  year={2004}
}

@phdthesis{shinohara1997analyse,
  title={Analyse phonologique de l'adaptation japonaise de mots {\'e}trangers},
  author={Shinohara, Shigeko},
  year={1997},
  school={ANRT, Universit{\'e} de Lille III}
}

@book{thomason2001language,
  title={Language contact},
  author={Thomason, Salah G},
  year={2001},
  publisher={Georgetown University Press},
  address={Washington}
}

@article{vendelin2004evidence,
  title={Evidence for phonetic adaptation of loanwords: an experimental study},
  author={Vendelin, Inga and Peperkamp, Sharon},
  journal={Actes des Journ{\'e}es d’Etudes Linguistiques de l’Universit{\'e} de Nantes},
  pages={129--131},
  year={2004}
}
