@article{dik1981typology,
  title={On the typology ofFocus Phenomena},
  author={Dik, Simon },
  journal={Perspectives on Functional Grammar, T. Hoekstra, H. van der Hulst},
  volume={81},
  pages={41--75},
  year={1981}
}
@article{krifka2007basic,
  title={Basic Notions of Information Structure. I: F{\'e}ry, C},
  author={Krifka, M},
  journal={Fanselow, G. og Krifka, M.(red) The Notions of Information Structure. Potsdam, Universit{\"a}tsverlag Potsdam},
  year={2007}
}
@book{schwabe2007information,
  title={On information structure, meaning and form: generalizations across languages},
  author={Schwabe, Kerstin and Winkler, Susanne},
  volume={100},
  year={2007},
  publisher={John Benjamins Publishing}
}
@book{olawsky1999aspects,
  title={Aspects of Dagbani grammar: with special emphasis on phonology and morphology},
  author={Olawsky, Knut J},
  year={1999},
  publisher={Lincom Europa}
}
@article{schwarz2009many,
  title={How many focus markers are there in Konkomba?},
  author={Schwarz, Anne},
  year={2009},
  publisher={Cascadilla Proceedings Project}
}
@book{simons2017ethnologue,
  title={Ethnologue: languages of Asia},
  author={Simons, Gary F and Fennig, Charles D},
  year={2017},
  publisher={sil International}
}
@article{naden1988gur,
  title={The Gur Languages},
  author={Naden, Tony},
  journal={The languages of Ghana},
  volume={2},
  pages={12--49},
  year={1988},
  publisher={Kegan Paul London}
}
@book{steele1966collected,
  title={Collected field reports on the phonology of Konkomba},
  author={Steele, Mary and Weed, Gretchen},
  volume={3},
  year={1966},
  publisher={Institute of African Studies, University of Ghana}
}
@article{bisilki2017noun,
  title={NOUN PLURALISATION AS A DIALECT MARKER IN L{\=I}KP{\=A}KP{\'A}LN ‘KONKOMBA’},
  author={Bisilki, Abraham Kwesi and Akpanglo-Nartey, Rebecca Atchoi},
  journal={Journal of West African Languages},
  volume={44},
  year={2017}
}
@article{van2016discourse,
  title={Discourse functions of focus marking in Avatime},
  author={Van Putten, Saskia},
  journal={Journal of African Languages and Linguistics},
  volume={37},
  number={1},
  pages={91--130},
  year={2016},
  publisher={De Gruyter}
}
@article{dik1981typology,
  title={On the typology ofFocus Phenomena},
  author={Dik, Simon and Van der Hulst, H},
  journal={Perspectives on Functional Grammar, T. Hoekstra, H. van der Hulst},
  volume={81},
  pages={41--75},
  year={1981}
}
@article{boadi1974focus,
  title={Focus-marking in Akan},
  author={Boadi, Lawrence A},
  journal={Linguistics},
  volume={12},
  number={140},
  pages={5--58},
  year={1974},
  publisher={Walter de Gruyter, Berlin/New York}
}
@book{skopeteas2006questionnaire,
  title={Questionnaire on Information Structure (QUIS): reference manual},
  author={Skopeteas, Stavros and Fiedler, Ines and Hellmuth, Samantha and Schwarz, Anne and Stoel, Ruben and Fanselow, Gisbert and F{\'e}ry, Caroline and Krifka, Manfred},
  volume={4},
  year={2006},
  publisher={Universit{\"a}tsverlag Potsdam}
}

@article{van2016discourse,
  title={Discourse functions of focus marking in Avatime},
  author={Van Putten, Saskia},
  journal={Journal of African Languages and Linguistics},
  volume={37},
  number={1},
  pages={91--130},
  year={2016},
  publisher={De Gruyter}
}
@article{dik1981typology,
  title={On the typology ofFocus Phenomena},
  author={Dik, Simon and Van der Hulst, H},
  journal={Perspectives on Functional Grammar, T. Hoekstra, H. van der Hulst},
  volume={81},
  pages={41--75},
  year={1981}
}
@book{dik1997theory,
  title={The theory of functional grammar: the structure of the clause},
  author={Dik, Simon C},
  year={1997},
  publisher={Walter de Gruyter}
}
@article{dik1981typology,
  title={On the typology ofFocus Phenomena},
  author={Dik, Simon and Van der Hulst, H},
  journal={Perspectives on Functional Grammar, T. Hoekstra, H. van der Hulst},
  volume={81},
  pages={41--75},
  year={1981}
}
@book{dik1997theory,
  title={The theory of functional grammar: the structure of the clause},
  author={Dik, Simon C},
  year={1997},
  publisher={Walter de Gruyter}
}